@Misc{1647-Sevilla-Cat-Reyes,
  Title                    = {Villancicos qve se cantaron en la S. Iglesia 
 Metropolytana de Seville, en los Maytines de 
los Santos Reyes. En este año de mil y seiscientos 
y quarenta y siete},
  Year                     = {1647},
  Location                 = {Seville},
  Note                     = {Puebla de los Ángeles, private collection, courtesy of 
 Gustavo Mauleón Rodríguez},

  Entrysubtype             = {pliego suelto},
  Keywords                 = {pliego,primary},
  Langid                   = {spanish},
  Owner                    = {andrew},
  Timestamp                = {2016.09.15}
}

@Misc{1666-Toledo-Cat-Nav,
  Title                    = {Letras de los villancicos de Navidad, 
 Que se han de cantar en la Santa Iglesia de Toledo 
Primada de las Españas, este año de 1666},
  Year                     = {1666},
  Location                 = {Toledo},
  Note                     = {E-Mn: VE/88/86(3)},

  Entrysubtype             = {pliego suelto},
  Keywords                 = {pliego,primary},
  Langid                   = {spanish},
  Owner                    = {andrew},
  Timestamp                = {2016.09.15}
}

@Misc{1667-Toledo-Cat-Nav,
  Title                    = {Letras de los villancicos de Navidad, 
 Que se han de cantar en la Santa Iglesia 
de Toledo Primada de las Españas, 
este año de 1667},
  Year                     = {1667},
  Location                 = {Toledo},
  Note                     = {E-Mn: VE 88/87},

  __markedentry            = {[andrew:]},
  Entrysubtype             = {1667-Toledo-Cat-Nav},
  Keywords                 = {pliego,primary},
  Langid                   = {spanish},
  Owner                    = {andrew},
  Timestamp                = {2016.09.15}
}

@Misc{1671-Madrid-Enc-Nav,
  Title                    = {Villancicos que se han de cantar en el Real Convento de
 la Encarnación, la Noche de Navidad, Este Año de 1671},
  Year                     = {1671},
  Location                 = {Madrid},
  Note                     = {E-Mn: R/34989/1},

  Entrysubtype             = {pliego suelto},
  Keywords                 = { pliego,primary},
  Langid                   = {spanish},
  Owner                    = {andrew},
  Timestamp                = {2016.09.15}
}

@Misc{1689-Puebla-Cat-BMV-conc,
  Title                    = {Villancicos que se cantaron en la S. I. Catedral de la 
 Puebla de los Ángeles, en los Maitines solemnes de la 
Purísima Concepción de Nuestra Señora, este año de 1689},
  Author                   = {Juana Inés de la Cruz, Sor},
  Year                     = {1689},
  Location                 = {unknown},

  Entrysubtype             = {pliego suelto},
  Keywords                 = {pliego,primary},
  Langid                   = {spanish},
  Owner                    = {andrew},
  Timestamp                = {2016.09.15}
}

@Incollection{Adler:Handbuch,
  Title                    = {Die Musik der Natur- und Orientalischen Kulturvölker},
  Booktitle                = {Handbuch der Musikgeschichte},
  Editor                   = {Adler, Guido},
  Year                     = {1924},
  Location                 = {Frankfurt am Main},
  Publisher                = {Frankfurter Verlags-Anstalt},

  Keywords                 = {2},
  Langid                   = {german}
}

@Book{Agawu:AfricanRhythm,
  Title                    = {African Rhythm: A Northern Ewe Perspective},
  Author                   = {Agawu, Kofi},
  Year                     = {1995},
  Location                 = {Cambridge},
  Publisher                = {Cambridge University Press},

  Keywords                 = {rhythm,Africa,Ghana,Ewe},
  Owner                    = {andrew},
  Shorttitle               = {African Rhythm},
  Timestamp                = {2016.03.22}
}

@Article{Agawu:StandardPattern,
  Title                    = {Structural Analysis or Cultural Analysis?: Competing Perspectives on the \mkbibquote{Standard Pattern} of West African Rhythm},
  Author                   = {Agawu, Kofi},
  Journaltitle             = {Journal of the American Musicological Society},
  Year                     = {2006},
  Number                   = {1},
  Pages                    = {1--46},
  Volume                   = {59},

  Keywords                 = {rhythm,meter,African-music,music-theory},
  Owner                    = {andrew},
  Shorttitle               = {Structural Analysis},
  Timestamp                = {2016.03.22}
}

@Incollection{Agnew:EncounterMusicOceania,
  Title                    = {Encounter Music in Oceania: Cross-Cultural Musical Exchange in Eighteenth- and Early Nineteenth-Century Voyage Accounts},
  Author                   = {Agnew, Vanessa},
  Pages                    = {183--201},

  Crossref                 = {CHWorldMusic},
  Keywords                 = {oceania,cultural-exchange},
  Owner                    = {andrew},
  Shorttitle               = {Encounter Music in Oceania},
  Timestamp                = {2016.05.18}
}

@Book{Ahlgren:TeresaPolitics,
  Title                    = {Teresa of {\' Avila} and the Politics of Sanctity},
  Author                   = {Ahlgren, Gillian T. W.},
  Year                     = {1996},
  Location                 = {Ithaca, NY},
  Publisher                = {Cornell University Press},

  Keywords                 = {2}
}

@Book{Aland:GNT4,
  Title                    = {The Greek New Testament},
  Year                     = {2001},
  Edition                  = {Fourth revised edition},
  Editor                   = {Aland, Barbara and Aland, Kurt and Karavidopoulos, Johannes and Martini, Carlo M. and Metzger, Bruce M.},
  Location                 = {Stuttgart},
  Publisher                = {Deutsche Bibelgesellschaft/United Bible Societies},

  Keywords                 = {Bible,primary},
  Owner                    = {andrew},
  Timestamp                = {2018.02.14}
}

@Book{Aldwell-Schachter:Harmony,
  Title                    = {Harmony and Voice Leading},
  Author                   = {Aldwell, Edward and Schachter, Carl},
  Year                     = {1989},
  Edition                  = {2nd ed.},
  Location                 = {Fort Worth, TX},
  Publisher                = {Harcourt Brace Jovanovich College Publishers},

  Keywords                 = {music-theory,textbooks,2,harmony},
  Owner                    = {andrew},
  Timestamp                = {2016.01.21}
}

@Article{AllendeGoitia:Mulatta,
  Title                    = {The Mulatta, the Bishop, and Dances in the Cathedral: Race, Music, and Power Relations in Seventeenth-Century Puerto Rico},
  Author                   = {Allende-Goitía, Noel},
  Journaltitle             = {Black Music Research Journal},
  Number                   = {2},
  Pages                    = {137--164},
  Volume                   = {26},

  Keywords                 = {dance,Puerto-Rico,race,power,villancico},
  Owner                    = {andrew},
  Shorttitle               = {The Mulatta},
  Timestamp                = {2016.03.22}
}

@Incollection{Allison:HappyFeet,
  Title                    = {Blackface, \mkbibemph{Happy Feet}: The Politics of Race in Motion Capture and Animation},
  Author                   = {Allison, Tanine},
  Booktitle                = {Special Effects: New Histories, Theories, Contexts},
  Editor                   = {North, Dan and Rehak, Bob and Duffy, Michael},
  Year                     = {2015},
  location={London},
  Publisher                = {British Film Institute},
  Keywords                 = {2},
  Shorttitle               = {Blackface, \mkbibemph{Happy Feet}}
}

@Book{Alvarez:Ambiela,
  Title                    = {El maestro aragonés Miguel de Ambiela \mkbibparens{1666--1733}: su contribución al Barroco musical},
  Author                   = {Álvarez Escudero, Carmen María},
  Year                     = {1982},
  Location                 = {Oviedo, Spain},
  Publisher                = {Arte-Musicología, Servico de Publicaciones, Universidad de Oviedo},

  Keywords                 = {2},
  Langid                   = {spanish}
}

@Thesis{AlvesSimao:VillancicosDeNegros,
    author={Alves Simão, Juana Luís},
    title={The \mkbibemph{Villancicos de negros} in Manuscript 50
        of the Bibliteca Geral da Universidade de Coimbra:
            A Case Study of Black Cultural Agency and Racial
            Representation in 17th-Century Portugal},
    shorttitle={The \mkbibemph{Villancicos de negros} in Manuscript 50},
    institution={Bowling Green State University},
    type={Master of Music thesis},
    year=2017,
    keywords={villancico,ethnic-villancico,race,Portugal,17c}
}

@Article{Anderson:JohnBaptist,
  Title                    = {The One Who Comes after Me: John the Baptist, Christian Time, and Symbolic Musical Techniques},
  Author                   = {Anderson, Michael Alan},
  Journaltitle             = {Journal of the American Musicological Society},
  Year                     = {2013},
  Number                   = {3},
  Pages                    = {639--708},
  Volume                   = {66},

  Keywords                 = {2},
  Shorttitle               = {The One Who Comes after Me}
}

@Article{Andrade:BeyondGuns,
  Title                    = {Beyond Guns, Germs, and Steel: European Expansion and Maritime Asia, 1400--1750},
  Author                   = {Andrade, Tonio},
  Journaltitle             = {Journal of Early Modern History},
  Year                     = {2010},
  Pages                    = {165--186},
  Volume                   = {14},

  Keywords                 = {early-modern,historiography,military-history,Asia,empire},
  Owner                    = {andrew},
  Shorttitle               = {Beyond Guns, Germs, and Steel},
  Timestamp                = {2016.05.18}
}

@Book{AngelContreras:Puebla,
  Title                    = {Puebla de los Ángeles: Una ciudad en la historia},
  Author                   = {Ángel Cuenya, Miguel and Contreras Cruz, Carlos},
  Year                     = {2012},
  Location                 = {Puebla},
  Publisher                = {Océano},

  Keywords                 = {2},
  Langid                   = {spanish},
  Shorttitle               = {Puebla de los Ángeles}
}

@Book{Aquinas:Summa3,
    author={Aquinas, Thomas},
    title={Summa theologica: Tertia pars},
    volume={7},
    location={Paris},
    publisher={Ludovicus Vives},
    year=1859,
    keywords={systematic-theology,medieval,primary}
}

@Unpublished{Araujo-Mendonca:Vihuela,
    author={Araújo, Rui and Mendonça Raimundo, Nuno},
    title={A Thorough Analysis of the Improvisatory Models of the Songs of Luis
        Milán and Their Applicability in the Reconstruction of Vihuela
            Accompaniment Parts},
    year=2018,
    note={Paper presented at the conference \mkbibquote{De canciones y
        cancioneros: Music and Literary Sources of the Luso-Hispanic Song
            Tradition, Princeton University}, April 7},
    keywords={spanish-music,vihuela, 16C, improvisation,harmony}
}

@Incollection{Araujo:Batalla,
  Title                    = {Batalha de sexto tom. compendiária da primeira},
  Author                   = {Araújo \mkbibparens{attrib.}, Pedro de},
  Booktitle                = {Pedro de Araújo \mkbibparens{17. Jahrhundert}: Ausgewählte Werke},
  Editor                   = {Doderer, Gerhard},
  Year                     = {1984},
  Location                 = {Heidelberg},
  Number                   = {9},
  Publisher                = {Willy Müller/Süddeutscher Musikverlag},
  Series                   = {Organa Hispanica: Iberische Music des 16., 17. und 18. Jahrhunderts für Tasteninstrumente},

  Keywords                 =
  {Spanish-music, Portuguese-music,17C,keyboard-music,
      batalla,battle-music,tiento,music-editions,primary},
  Langid                   = {german},
  Owner                    = {andrew},
  Source                   = {P-BRad: Ms. 963, fol. 56},
  Timestamp                = {2018.02.14}
}

@Book{Arnold:ThoroughBass,
  Title                    = {The Art of Accompaniment from a Thorough-Bass},
  Author                   = {Arnold, F. T.},
  Year                     = {1965},
  Location                 = {Oxford},
  Publisher                = {Oxford University Press},

  Keywords                 = {music-theory,continuo,improvisation,harmony,baroque,keyboard},
  Owner                    = {andrew},
  Timestamp                = {2016.01.21}
}

@Book{Arteaga:MitraPalafox,
    author = {Arteaga y Falguera, Sor Cristina de la Cruz de},
    title = {Una mitra sobre dos mundos:
        la de don Juan de Palafox y Mendoza, 
        Obispo de Puebla de los Ángeles y de Osma},
    shorttitle= {Una mitra sobre dos mundos},
    langid={spanish},
    location={Puebla},
    publisher={Gobierno del Estado de Puebla, Comisión Puebla V Centenario},
    year=1992,
    keywords={Puebla, Palafox, colonial, church-history, politics},
}

@Inbook{Atkin:Peirce,
  Title                    = {Peirce's Theory of Signs},
  Author                   = {Atkin, Albert},
  crossref={Stanford:Philosophy},
  Keywords                 = {2}
}

@Book{Augustine:CityofGod,
  Title                    = {The City of God},
  Author                   = {Augustine of Hippo, Saint},
  Year                     = {1993},
  Location                 = {New York},
  Publisher                = {The Modern Library},
  Translator               = {Dods, Marcus},

  Keywords                 = {primary}
}

@Book{Augustine:CivitateDei,
  Title                    = {De civitate Dei},
  Author                   = {Augustine of Hippo, Saint},
  Year                     = {1841},
  Editor                   = {Migne, J. P.},
  Location                 = {Paris},
  Number                   = {41},
  Publisher                = {Migne},
  Series                   = {Patrologia latina},

  Keywords                 = {primary},
  Langid                   = {latin},
  Shortauthor              = {Augustine}
}

@Book{Augustine:ConfessionesPL,
  Title                    = {Confessiones},
  Author                   = {Augustine of Hippo, Saint},
  Year                     = {1841},
  Editor                   = {Migne, J. P.},
  Location                 = {Paris},
  Number                   = {32},
  Series                   = {Patrologia latina},

  Keywords                 = {theology, patristics, medieval, classical,
      primary},
  Langid                   = {latin},
  Owner                    = {andrew},
  Shortauthor              = {augustine},
  Timestamp                = {2018.04.16}
}

@Book{Augustine:ConfessionsPenguin,
  Title                    = {Confessions},
  Author                   = {Augustine of Hippo, Saint},
  Year                     = {1961},
  Location                 = {Harmondsworth, UK},
  Publisher                = {Penguin Classics},
  Translator               = {Pine-Coffin, R. S.},

  Keywords                 = {Latin-classics, patristic-theology, primary},
  Owner                    = {andrew},
  Timestamp                = {2018.04.16}
}

@Book{Augustine:Opera1555,
  Title                    = {[Omnia opera] Tomus primus [-decimus] omnium operum D. Aurelii Augustini Hipponensis episcopi, ad fidem vetustorum exemplarium summa vigilantia repurgatoru[m] à mendis innumeris ... : cui accesserunt libri epistolae, sermones, \& fragmenta aliquot, hactenus nunquam impressa. Additus est \& index, multo quám Basilensis fuerat copiosor.},
  shorttitle={Omnia opera},
  Author                   = {Augustine of Hippo, Saint},
  Year                     = {1555},
  Location                 = {Paris},
  Note                     = {MEX-Plf: 393-42010903},
  Volumes                  = {10},

  Keywords                 = {primary, compendia},
  Langid                   = {latin},
  Shortauthor              = {Augustine}
}

@Book{Augustine:SermonesPL,
  Title                    = {Sermones de tempore},
  Author                   = {Augustine of Hippo, Saint},
  Year                     = {1841},
  Editor                   = {Migne, J. P.},
  Location                 = {Paris},
  Number                   = {38},
  Publisher                = {Migne},
  Series                   = {Patrologia latina},

  Keywords                 = {primary},
  Langid                   = {latin},
  Shortauthor              = {Augustine}
}

@Incollection{Austern:Nature,
  Title                    = {\mkbibquote{Tis Nature's Voice}: Music, Natural Philosophy and the Hidden World in Seventeenth-Century England},
  Author                   = {Austern, Linda Phyllis},
  Booktitle                = {Music Theory and Natural Order from the Renaissance to the Early Twentieth Century},
  Editor                   = {Clark, Suzannah and Rehding, Alexander},
  Year                     = {2001},
  Location                 = {Cambridge},
  Pages                    = {30--67},
  Publisher                = {Cambridge University Press},

  Keywords                 = {2,shortlist}
}

@Book{Azevedo:Catecismo,
  Title                    = {Catecismo de los misterios de la fe, con la esposicion del Simbolo de los Santos Apostoles. A do se enseña, todo lo que vn fiel Cristian esta obligado a creer, y vn cura de almas a saber, para enseñar a sus ouejas},
  Author                   = {Azevedo, Fray Antonio de},
  Year                     = {1589},
  Location                 = {Barcelona},

  Keywords                 = {primary},
  Langid                   = {spanish},
  Shorttitle               = {Catecismo}
}

@Book{Bach:StMatthewDover,
  Title                    = {The St. Matthew Passion in Full Score},
  Author                   = {Bach, Johann Sebastian},
  Year                     = {1990},
  Location                 = {New York},
  Publisher                = {Dover},
  keyword={primary}
}

@Book{Bailey:Art,
  Title                    = {Art on the Jesuit Missions in Asia and Latin America, 1542--1773},
  Author                   = {Bailey, Gauvin A.},
  Year                     = {1999},
  Location                 = {Toronto},

  Keywords                 = {2},
  Pulisher                 = {University of Toronto Press},
  Shorttitle               = {Art on the Jesuit Missions}
}

@Incollection{Baker:EthnicVC,
  Title                    = {The \mkbibquote{Ethnic Villancico} and Racial Politics in 17th-Century Mexico},
  Author                   = {Baker, Geoffrey},
  Pages                    = {399--408},

  Crossref                 = {Knighton-Torrente:VCs},
  Keywords                 = {2},
  Shorttitle               = {The \mkbibquote{Ethnic Villancico}}
}

@Book{Baker:Harmony,
  Title                    = {Imposing Harmony: Music and Society in Colonial Cuzco},
  Author                   = {Baker, Geoffrey},
  Year                     = {2008},
  Location                 = {Durham, NC},
  Publisher                = {Duke University Press},

  Keywords                 = {2,shortlist},
  Shorttitle               = {Imposing Harmony}
}

@Article{Baker:PerformancePostColonial,
  Title                    = {Latin American Baroque: Performance as a Post-Colonial Act?},
  Author                   = {Baker, Geoffrey},
  Journaltitle             = {Early Music},
  Year                     = {2008},
  Number                   = {36},
  Pages                    = {441--448},
  Volume                   = {3},

  Keywords                 = {villancico, ethnic-villancico, race, identity, performance-practice, ethics, post-colonial, colonial, Juan-Gutierrez-de-Padilla},
  Owner                    = {andrew},
  Shorttitle               = {Latin American Baroque},
  Timestamp                = {2016.01.26}
}

@Incollection{Baker:ResoundingCity,
  Title                    = {The Resounding City},
  Author                   = {Baker, Geoffrey},
  Pages                    = {1--21},

  Crossref                 = {BakerKnighton:MusicUrbanSociety},
  Keywords                 = {city,colonial,urban-musicology,sociology},
  Owner                    = {andrew},
  Timestamp                = {2016.05.23}
}

@Collection{BakerKnighton:MusicUrbanSociety,
  Title                    = {Music and Urban Society in Colonial Latin America},
  Editor                   = {Baker, Geoffrey and Knighton, Tess},
  Year                     = {2011},
  Location                 = {Cambridge},
  Publisher                = {Cambridge University Press},

  Keywords                 = {Latin-America,colonial,city,urban-musicology,sociology,early-modern},
  Owner                    = {andrew},
  Timestamp                = {2016.05.23}
}

@Book{Bakewell:HistoryLatinAmerica,
  Title                    = {A History of Latin America: Empires and Sequels 1450--1930},
  Author                   = {Bakewell, Peter},
  Year                     = {1997},
  Location                 = {Malden, MA},
  Publisher                = {Blackwell},
  Series                   = {The Blackwell History of the World},

  Owner                    = {andrew},
  Shorttitle               = {A History of Latin America},
  Timestamp                = {2016.02.29}
}

@Incollection{Balanza:CererolsFamily,
  Title                    = {Joan Cererols \mkbibparens{1618--1680}: L'entorn familiar; Regest dels documents de l'Arxiu Parroquial de Martorell; Notes inèdites obre Gabriel Manalt i Domènech \mkbibparens{1657--1687}},
  Author                   = {Balanza i González, Ferran},
  Pages                    = {25--75},

  Crossref                 = {Bonastre:CererolsSymposium},
  Keywords                 = {2},
  Langid                   = {catalan},
  Shorttitle               = {Joan Cererols \mkbibparens{1618--1680}: L'entorn familiar}
}

@Book{Barnett:Bolognese,
  Title                    = {Bolognese Instrumental Music, 1660--1710: Spiritual Comfort, Courtly Delight, and Commercial Triumph},
  Author                   = {Barnett, Gregory Richard},
  Year                     = {2008},
  Location                 = {Aldershot, UK},
  Publisher                = {Ashgate},

  Keywords                 = {2}
}

@Incollection{Barnett:TonalOrganization17C,
  Title                    = {Tonal Organization in Seventeenth-Century Music Theory},
  Author                   = {Barnett, Gregory},
  Pages                    = {407--455},

  Crossref                 = {Cambridge:HistoryofTheory},
  Keywords                 = {2}
}

@Inreference{Baron-Sage:GalanC,
  Title                    = {Grove Music Online},
  Author                   = {Baron, John H. and Sage, Jack},

  Lista                    = {Galán, Cristóbal},
  Options                  = {skipbib},
  Owner                    = {andrew},
  Timestamp                = {2018.02.14}
}

@Inbook{Barthes:GrainOfVoice,
  Title                    = {The Grain of the Voice},
  Author                   = {Barthes, Roland},
  Booktitle                = {Image---Music---Text},
  Year                     = {1977},
  Location                 = {New York},
  Publisher                = {Hill and Wang},

  Keywords                 = {2}
}

@Incollection{Barz:AfricanMusicHistory,
  Title                    = {Encountering African Music in History and Modernity},
  Author                   = {Barz, Gregory},
  Pages                    = {637--660},

  Crossref                 = {CHWorldMusic},
  Keywords                 = {Africa,black-music},
  Owner                    = {andrew},
  Timestamp                = {2016.05.18}
}

@Book{BDAG,
  Title                    = {A Greek-English Lexicon of the New Testament and other Early Christian Literature},
  Author                   = {Bauer, Walter and Danker, Frederick William},
  Year                     = {2000},
  Edition                  = {3},
  Location                 = {Chicago},
  Publisher                = {University of Chicago Press},

  Keywords                 = {2},
  Shorttitle               = {BDAG}
}

@Bookinbook{Bede:Commentaries2,
  Title                    = {Commentaries on the Scriptures},
  Author                   = {Bede, The Venerable},
  Booktitle                = {The Complete Works of Venerable Bede, in the i Original Latin},
  Year                     = {1844},
  Editor                   = {Giles, J. A.},
  Location                 = {London},
  Publisher                = {Whittaker and Co.},
  Volume                   = {8},

  Keywords                 = {primary}
}

@Book{Beethoven:Symphonies567Dover,
  Title                    = {Symphonies nos. 5, 6, and 7 in Full Score},
  Author                   = {Beethoven, Ludwig van},
  Year                     = {1989},
  Location                 = {New York},
  Publisher                = {Dover}
}

@Incollection{Begue:Literary,
  Title                    = {A Literary and Typological Study of the Late 17th-Century Villancico},
  Author                   = {Begue, Alain},
  Pages                    = {231--282},

  Crossref                 = {Knighton-Torrente:VCs},
  Keywords                 = {2},
  Shorttitle               = {A Literary and Typological Study}
}

@Book{Bell:RitualPerspectives,
  Title                    = {Ritual: Perspectives and Dimensions},
  Author                   = {Bell, Catherine},
  Year                     = {1997},
  Location                 = {Oxford},
  Publisher                = {Oxford University Press},

  Owner                    = {andrew},
  Shorttitle               = {Ritual},
  Timestamp                = {2016.03.01}
}

@Book{Berger:Ficta,
  Title                    = {Musica ficta: Theories of Accidental Inflections in Vocal Polyphony from Marchetto da Padova to Gioseffo Zarlino},
  Author                   = {Berger, Karol},
  Year                     = {1987},
  Location                 = {Cambridge},
  Publisher                = {Cambridge University Press},

  Keywords                 = {2}
}

@Incollection{Bermudez:GoldSantaFe,
  Title                    = {\mkbibquote{Gold Was Music to Their Ears}: Conflicting Sounds in Santafé \mkbibparens{Nuevo Reino de Granada}, 1540--1570},
  Author                   = {Bermúdez, Egberto},
  Pages                    = {83--101},

  Crossref                 = {BakerKnighton:MusicUrbanSociety},
  Keywords                 = {Bolivia,cultural-exchange,colonial,indigenous,native-american,ritual},
  Owner                    = {andrew},
  Shorttitle               = {\mkbibquote{Gold Was Music to Their Ears}},
  Timestamp                = {2016.05.23}
}

@Article{Bermudez:Vihuela,
  Title                    = {La vihuela de la iglesia de la Compañia de Jesús de Quito},
  Author                   = {Bermúdez, Egberto},
  Journaltitle             = {Revista Musical Chilena},
  Year                     = {1993},
  Number                   = {179},
  Pages                    = {69-77},
  Volume                   = {year 47},

  Keywords                 = {2},
  Langid                   = {spanish},
  Shorttitle               = {La vihuela}
}

@Book{Bermudo:Declaracion,
  Title                    = {[Declaración de instrumentos musicales] Comiença el libro llamado declaracio[n] de instrume[n]tos musicales [. . .] examinado y aprouado por los egregios musicos Bernardino de figueroa, y Christoual de morales},
  Author                   = {Bermudo, Juan},
  Year                     = {1555},
  Location                 = {[Madrid]},

  Keywords                 = {primary, 1-theory,shortlist},
  Langid                   = {spanish},
  Shorttitle               = {Declaración de instrumentos musicales}
}

@Book{Bernard:Nativitate,
  Title                    = {In nativitate Domini},
  Author                   = {Bernard of Clairvaux, Saint},
  Year                     = {1854},
  Editor                   = {Migne, J. P.},
  Location                 = {Paris},
  Number                   = {183},
  Publisher                = {Migne},
  Series                   = {Patrologia latina},

  Keywords                 = {primary},
  Langid                   = {latin},
  Shortauthor              = {Bernard of Clairvaux}
}

@Book{Bianconi:17C,
  Title                    = {Music in the Seventeenth Century},
  Author                   = {Bianconi, Lorenzo},
  Year                     = {1987},
  Location                 = {Cambridge},
  Publisher                = {Cambridge University Press},
  Translator               = {Bryant, David},

  Keywords                 = {2}
}

@Book{Bigne:MagnaBibliotheca,
  Title                    = {Magna bibliotheca veterum patrum et antiquorum 
 scriptorum Ecclesiasticorum Opera et sturdio doctissimorum in 
alma universitate Colon. Agripp. theologorum ac profess. ; 
tomus secundus : continens Scriptores saeculi II id est, 
ab Ann. Christi 100 usq; 200},
  Author                   = {Bigne, Marguerin de},
  Year                     = {1618},
  Location                 = {Cologne},
  Note                     = {MEX-Plf: 12412-2109050primary, 
 \mkbibemph{ex libris} Convento de Nuestra Señora del Carmen; 
second copy \mkbibemph{ex libris} Colego de San Juan},

  __markedentry            = {[andrew:6]},
  Keywords                 = {compendia, primary},
  Langid                   = {latin},
  Owner                    = {andrew},
  Timestamp                = {2016.09.15}
}

@Book{BinkleyFrenk:Romances,
  Title                    = {Spanish Romances of the Sixteenth Century},
  Author                   = {Binkley, Thomas and Frenk, Margit},
  Year                     = {1995},
  Location                 = {Bloomington, IN},
  Publisher                = {Indiana University Press},

  Keywords                 = {2}
}

@Book{Bloechl:NativeAmericanSong,
  Title                    = {Native American Song at the Frontiers of Early Modern Music},
  Author                   = {Bloechl, Olivia A.},
  Year                     = {2008},
  Location                 = {Cambridge},
  Publisher                = {Cambridge University Press},

  Keywords                 = {2},
  Shorttitle               = {Native American Song}
}

@InCollection{Bloechl:RaceEmpire,
    author={Bloechl, Olivia A.},
    title={Race, Empire, and Early Music},
    booktitle={Rethinking Difference in Music Scholarship},
    editor={Bloechl, Olivia A. and Lowe, Melanie and Kallberg, Jeffrey},
    pages={77--107},
    keywords={secondary}
}

@Article{Bloxam:JNV,
  Title                    = {\mkbibquote{I Have Never Seen Your Equal}: Agricola, the Virgin, and the Creed},
  Author                   = {Bloxam, M. Jennifer},
  Journaltitle             = {Early Music},
  Year                     = {2006},
  Pages                    = {391--408},
  Volume                   = {34},

  Keywords                 = {2}
}

@Book{BNE:VCs17C,
  Title                    = {Catálogo de villancicos de la Biblioteca Nacional, Siglo XVII},
  Author                   = {{Biblioteca Nacional de España}},
  Year                     = {1992},
  Location                 = {Madrid},
  Publisher                = {Ministerio de Cultura},

  Keywords                 = {primary, catalog,villancico-imprint-catalog},
  Langid                   = {spanish},
  Shorttitle               = {Catálogo de villancicos}
}

@Book{BNE:VCs18C,
  Title                    = {Catálogo de villancicos y oratorios en la Biblioteca Nacional, siglos XVIII--XIX},
  Author                   = {{Biblioteca Nacional de España}},
  Year                     = {1990},
  Location                 = {Madrid},
  Publisher                = {Ministerio de Cultura},

  Keywords                 = {primary, catalog,villancico-imprint-catalog},
  Langid                   = {spanish}
}

@Inbook{Boethius:Musica,
  Title                    = {De institutione musica libri quinque},
  Author                   = {Boethius},
  annote=   {Anicius Manlius Torquatus Severinus},
  Booktitle                = {Boetii de institutione arithmetica libro duo De institutione musica libri quinque},
  Year                     = {1867},
  Editor                   = {Friedlein, Godofredus},
  Location                 = {Leipzig},
  Publisher                = {Teubner},

  Keywords                 = {primary,music-theory,mathematics},
  Langid                   = {latin},
  Owner                    = {andrew},
  Shorttitle               = {De institutione musica},
  Timestamp                = {2017.01.13}
}

@Incollection{Bombi:VillancicoMotet,
  Title                    = {\mkbibquote{The Third Villancico Was A Motet}: The Villancico and Related Genres},
  Author                   = {Bombi, Andrea},
  Pages                    = {149--188},

  Crossref                 = {Knighton-Torrente:VCs},
  Keywords                 = {villancico,genre},
  Owner                    = {andrew},
  Shorttitle               = {\mkbibquote{The Third Villancico}},
  Timestamp                = {2016.03.22}
}

@Book{Bonastre:CanetCatalog,
  Title                    = {Fons de l'Església Parroquial de Sant Pere i Sant Pau de Canet de Mar},
  Author                   = {Bonastre, Francesc and Gregori, Josep Maria and Guinart i Verdaguer, Andreu},
  Year                     = {2009},
  Location                 = {Barcelona},
  Publisher                = {Generalitat de Catalunya, Departament de Cultura i Mitjans de Comunicació},

  Keywords                 = {primary, catalog},
  Langid                   = {catalan}
}

@Collection{Bonastre:CererolsSymposium,
  Title                    = {Joan Cererols i el seu temps: Actes del I Symposium de Musicologia Catalana},
  Editor                   = {Bonastre, Francesc},
  Year                     = {1985},
  Location                 = {Barcelona},
  Publisher                = {Institut d'Estudis Catalans},

  Keywords                 = {2},
  Langid                   = {catalan},
  Shorttitle               = {Joan Cererols i el seu temps}
}

@Book{Bongo:NumerorumMysteria,
  Title                    = {Petri Bvngi Bergomatis Nvmerorvm Mysteria},
  Author                   = {Bongo [Petrus Bungus], Pietro},
  Year                     = {1643},
  Location                 = {Paris},

  Keywords                 = {primary},
  Langid                   = {latin},
  Shortauthor              = {Bongo},
  Shorttitle               = {Numerorum Mysteria}
}

@Book{Borrego-Marin:Villancico,
    editor={Borrego Gutiérrez, Esther and Marín López, Javier},
    title={El villancico en la encrucijada: Nuevas perspectivas
        en torno a un género literario-musical (siglos XV--XIX)},
    shorttitle={El villancico en la encrucijada},
    location={Kassel},
    publisher={Reichenberger},
    year=2019,
    keywords={villancico,spanish-music,poetry}
}

@Article{Boyd-Bowman:NegroSlaves,
    title={Negro Slaves in Early Colonial Mexico},
    author={Boyd-Bowman, Peter},
    journaltitle={The Americas},
    volume=26,
    number=2,
    year=1969,
    pages={134--151},
    keywords={slaves,Africans,Mexico,colonial}
}

@Book{Bradshaw:EarlyWorship,
  Title                    = {Early Christian Worship: A Basic Introduction to Ideas and Practice},
  Author                   = {Bradshaw, Paul},
  Year                     = {1996},
  Location                 = {Collegeville, MN},
  Publisher                = {The Liturgical Press},

  Keywords                 = {2},
  Shorttitle               = {Early Christian Worship}
}

@Article{Brito:SoundsDiscoveries,
  Title                    = {Sounds from the Discoveries: Musical Aspects of the Portuguese Expansion},
  Author                   = {Brito, Manuel Carlos de},
  Journaltitle             = {Review of Culture},
  Year                     = {1996},
  Pages                    = {5--22},
  Volume                   = {26},

  Keywords                 = {Portugal, Africa, India, China, Iran, Japan, Brazil, discovery, Jesuits},
  Owner                    = {andrew},
  Shorttitle               = {Sounds from the Discoveries},
  Timestamp                = {2016.03.22}
}

@Reference{Bromily:BibleEncyclopedia,
  Title                    = {The International Standard Bible Encyclopedia},
  Editor                   = {Bromiley, Geoffrey William},
  Year                     = {1979--1988},
  sortyear                  = 1988,
  Location                 = {Grand Rapids, MI},
  Publisher                = {W. B. Eerdmans},

  Keywords                 = {2}
}

@Article{Brosseder:Astrology-Peru-17C,
    author={Brosseder, Claudia},
    title={Astrology in Seventeenth-Century Peru},
    journal={Studies in History and Philosophy of Biological and Biomedical
        Sciences},
    volume={41},
    year=2010,
    pages={146--157},
    keywords={Peru,astrology,17C,history-of-science}
}

@Reference{Brown:HebrewOTLexicon,
  Title                    = {A Hebrew and English Lexicon of the Old Testament},
  Editor                   = {Brown, Francis and Driver, S. R. and Briggs, Charles A.},
  Year                     = {1906},
  Location                 = {Oxford},
  Note                     = {Based on the lexicon of William Gesenius as translated by Edward Robinson},
  Publisher                = {Clarendon Press},

  Keywords                 = {2}
}

@Article{Brown:MozartJupiter,
    author={Brown, A. Peter},
    title={Eighteenth-Century Traditions and Mozart's \mkbibquote{Jupiter}
        Symphony K. 551},
    journal={The Journal of Musicology},
    volume=20,
    number=2,
    year=2003,
    pages={157--195},
    keywords={Mozart, symphony, fugue, style, associations, Gloria}
}

@Book{Brown:PaintingSpain,
  Title                    = {Painting in Spain: 1500--1700},
  Author                   = {Brown, Jonathan},
  Year                     = {1998},
  Location                 = {New Haven},
  Publisher                = {Yale University Press},

  Keywords                 = {2}
}

@Book{Bunners:Kirchenmusik,
  Title                    = {Kirchenmusik und Seelenmusik: Studien zu Frommigkeit und Musik im Luthertum des 17. Jahrhunderts},
  Author                   = {Bunners, Christian},
  Year                     = {1966},
  Location                 = {Göttingen},
  Publisher                = {Vandenhoeck \& Ruprecht},

  Keywords                 = {2},
  Langid                   = {german}
}

@Article{Bunners:Singende,
  Title                    = {Singende Frommigket: Johann Crugers Widmungsvorreden zur \mkbibquote{Praxis Pietatis Melica}},
  Author                   = {Bunners, Christian},
  Journaltitle             = {Jahrbuch fur Berlin-Brandenburgische Kirchengeschichte},
  Year                     = {1980},
  Pages                    = {9--24},
  Volume                   = {52},

  Keywords                 = {2},
  Langid                   = {german}
}

@Thesis{Burgess:Ritual,
  Title                    = {Ritual in the \mkbibemph{tragedie en musique}: From Lully's \mkbibquote{Cadmus et Hermione} \mkbibparens{1673} to Rameau's \mkbibquote{Zoroastre} \mkbibparens{1749}},
  Author                   = {Burgess, Geoffrey},
  Institution              = {Cornell University},
  Type                     = {PhD diss.},
  Year                     = {1998},

  Keywords                 = {2}
}

@Book{Burkholder:Anthology,
  Title                    = {Norton Anthology of Western Music},
  Year                     = {2014},
  Edition                  = {7th edition},
  Editor                   = {Burkholder, Peter J. and Palisca, Claude V.},
  Location                 = {New York},
  Publisher                = {Norton},
  Volumes                  = {3},

  Keywords                 = {primary,anthology}
}

@Book{Burkholder:Anthology2,
  Volume                   = {2: Classic to Romantic},

  Crossref                 = {Burkholder:Anthology}
}

@Book{Burkholder:Anthologyprimary,
  Volume                   = {1: Ancient to Baroque},

  Crossref                 = {Burkholder:Anthology}
}

@Book{Burkholder:History,
  Title                    = {A History of Western Music},
  Author                   = {Burkholder, Peter J. and Grout, Donald Jay and Palisca, Claude V.},
  Year                     = {2014},
  Edition                  = {9th edition},
  Location                 = {New York},
  Publisher                = {Norton},

  Keywords                 = {2,textbook}
}

@Book{Burkholder:RecordedAnthology,
  Title                    = {Norton Recorded Anthology of Western Music},
  Year                     = {2014},
  Editor                   = {Burkholder, Peter J.},
  Location                 = {New York},
  Note                     = {DVD set accompanying 7th ed. anthology text},
  Publisher                = {Norton},

  Owner                    = {andrew},
  Timestamp                = {2016.07.11}
}

@Article{Burstyn:PeriodEar,
  Title                    = {In Quest of the Period Ear},
  Author                   = {Burstyn, Shai},
  Journaltitle             = {Early Music},
  Year                     = {1997},
  Number                   = {4},
  Pages                    = {693--701},
  Volume                   = {25},

  Keywords                 = {2}
}

@Thesis{Butler:Songs,
  Title                    = {Songs of Pentecost: Experiencing Music, Transcendence, and Identity in Jamaica and Haiti},
  Author                   = {Butler, Melvin Lloyd},
  Institution              = {New York University},
  Type                     = {PhD diss.},
  Year                     = {2005},

  Keywords                 = {2}
}

@InCollection{Castillo:ChantLiturgyReform,
    author={Castillo Ferreira, Mercedes},
    title={Chant, Liturgy and Reform},
    booktitle={Companion to Music in the Age of the Catholic Monarchs},
    editor={Knighton, Tess},
    location={Leiden},
    publisher={Brill},
    year=2017,
    pages={282--322},
    keywords={secondary}
}

@Book{CaberoPueyo:PhD,
  Title                    = {Der Villancico des XVI. und XVII. Jahrhunderts in Spanien},
  Author                   = {Cabero Pueyo, Bernat},
  Year                     = {2000},
  Location                 = {Berlin},
  Publisher                = {Dissertation.de},

  Keywords                 = {2,shortlist,villancico-studies},
  Langid                   = {german},
  Shorttitle               = {Der Villancico}
}

@Incollection{Cabral:Religiosity,
  Title                    = {Religiosity, Power, and Aspects of Social Representation in the Villancicos of the Portuguese Royal Chapel},
  Author                   = {Cabral Lopes, Rui},
  Pages                    = {199--218},

  Crossref                 = {Knighton-Torrente:VCs},
  Keywords                 = {2}
}

@Book{Calahorra:Aragon,
  Title                    = {Historia de la música en Aragón \mkbibparens{Siglos I--XVII}},
  Author                   = {Calahorra Martínez, Pedro},
  Year                     = {1977},
  Location                 = {Zaragoza},
  Publisher                = {Librería General},

  Keywords                 = {2},
  Langid                   = {spanish}
}

@Article{Calahorra:Suban,
  Title                    = {\mkbibquote{Suban las vozes al Cielo} Villancico polifónico de Miguel Ambiela prodia del homónimo de su maestro Pablo Bruna},
  Author                   = {Calahorra Martínez, Pedro},
  Journaltitle             = {Nassarre: Revista Aragonesa de Musicología},
  Year                     = {1986},
  Number                   = {1},
  Pages                    = {9--42},
  Volume                   = {2},

  Keywords                 = {2},
  Langid                   = {spanish},
  Shorttitle               = {\mkbibquote{Suban las vozes al Cielo}}
}

@Book{Calahorra:Zaragoza2,
  Title                    = {La música en Zaragoza en los siglos XVI y XVII: II, Polifonistas y ministriles},
  Author                   = {Calahorra Martínez, Pedro},
  Year                     = {1977},
  Location                 = {Zaragoza, Spain},
  Publisher                = {Institución \mkbibquote{Fernando el Católico}},

  Keywords                 = {2},
  Langid                   = {spanish},
  Shorttitle               = {La música en Zaragoza II}
}

@Article{Calcagno:SignifyingNothing,
  Title                    = {Signifying Nothing: On the Aesthetics of Pure Voice in Early Venetian Opera},
  Author                   = {Calcagno, Mauro},
  Journaltitle             = {Journal of Musicology},
  Year                     = {2003},
  Number                   = {4},
  Pages                    = {461--497},
  Volume                   = {20},

  Keywords                 = {2}
}

@Book{Calderon:Retiro,
  Title                    = {El nuevo palacio del Retiro},
  Author                   = {Calderón de la Barca, Pedro},
  Year                     = {1998},
  Editor                   = {Paterson, Alan K. G.},
  Location                 = {Pamplona},
  Number                   = {19},
  Publisher                = {Universidad de Navarra},
  Series                   = {Autos sacramentales completos de Calderón},

  Langid                   = {spanish},
  Shortauthor              = {Calderón},
  Shorttitle               = {El nuevo palacio},
  keyword={primary}
}

@Thesis{Caldwell:PhD,
  Title                    = {Singing, Dancing, and Rejoicing in the Round: Latin Sacred Songs with Refrains, circa 1000--1582},
  Author                   = {Caldwell, Mary Channen},
  Institution              = {University of Chicago},
  Type                     = {PhD diss.},
  Year                     = {2013},

  Keywords                 = {2}
}

@Book{Camacho:EnsenanzaMexico,
  Title                    = {Enseñanza y ejercicio de la música en México},
  Year                     = {2013},
  Editor                   = {Camacho Becerra, Arturo},
  Location                 = {Mexico City},
  Publisher                = {Centro de Investigaciones y Estudios Superiores en Antropología Social \mkbibparens{CIESAS}},
  Series                   = {Ritual Sonoro Catedralicio},

  Langid                   = {spanish},
  Owner                    = {andrew},
  Timestamp                = {2016.11.17}
}

@Collection{Cambridge:American,
  Title                    = {The Cambridge History of American Music},
  Editor                   = {Nicholls, David},
  Year                     = {1998},
  Location                 = {Cambridge},
  Publisher                = {Cambridge University Press},

  Keywords                 = {America,USA},
  Owner                    = {andrew},
  Timestamp                = {2016.05.23}
}

@Collection{Cambridge:HistoryofTheory,
  Title                    = {The Cambridge History of Western Music History},
  Editor                   = {Christensen, Thomas},
  Year                     = {2002},
  Location                 = {Cambridge},
  Publisher                = {Cambridge University Press},

  Keywords                 = {2}
}

@Collection{Cambridge:Music17C,
  Title                    = {The Cambridge History of Seventeenth-Century Music},
  Editor                   = {Carter, Tim and Butt, John},
  Year                     = {2005},
  Location                 = {Cambridge},
  Publisher                = {Cambridge University Press}
}

@Collection{Cambridge:SpanishLit,
  Title                    = {The Cambridge History of Spanish Literature},
  Editor                   = {Gies, David},
  Year                     = {2004},
  Location                 = {Cambridge},
  Publisher                = {Cambridge University Press}
}

@Article{Candelaria:Psalmodia,
  Title                    = {Bernardino de Sahagún's \mkbibemph{Psalmodia Christiana}: A Catholic Songbook from Sixteenth-Century New Spain},
  Author                   = {Candelaria, Lorenzo},
  Journaltitle             = {Journal of the American Musicological Society},
  Year                     = {2014},
  Number                   = {3},
  Pages                    = {619--684},
  Volume                   = {67},

  Keywords                 = {Mexico,Indians,devotional-song,missions},
  Owner                    = {andrew},
  Shorttitle               = {Bernardino de Sahagún's \mkbibemph{Psalmodia Christiana}},
  Timestamp                = {2016.03.25}
}

@Article{Carolino:Jesuit-Astronomy-Portugal,
    author={Carolino, Luís Miguel},
    title={The Jesuit Paradox: Intellectual Authority, Political Power, and the
        Marginalization of Astrology in Early Modern Portugal},
    shorttitle={The Jesuit Paradox},
    journal={Early Science and Medicine},
    volume={22},
    year=2017,
    pages={438--463},
    keywords={astrology, Portugal, 17C, 18C, Jesuits, history-of-science}
}

@Article{Cashner:Cards,
  Title                    = {Playing Cards at the Eucharistic Table: Music, Theology, and Society in a Corpus Christi Villancico from Colonial Mexico, 1628},
  Author                   = {Cashner, Andrew A.},
  Journaltitle             = {Journal of Early Modern History},
  Year                     = {2014},
  Number                   = {4},
  Pages                    = {383--419},
  Volume                   = {18},

  Keywords                 = {2,villancico-studies},
  Shorttitle               = {Playing Cards at the Eucharistic Table}
}

@Unpublished{Cashner:ChristSingerRSA,
  Title                    = {Christ as Singer and Song: Music, Poetry, and the Divine Word in Seventeenth-Century Villancicos},
  Author                   = {Cashner, Andrew A.},
  Year                     = {2017},
  Note                     = {Presentation to the panel, \mkbibquote{Music and Poetry in the Early Modern Hispanic World}, Renaissance Society of America, Chicago},

  Owner                    = {andrew},
  Shorttitle               = {Christ as Singer and Song},
  Timestamp                = {2017.04.11}
}

@Unpublished{Cashner:FaithHearingUCSB,
  Title                    = {Making Faith Appeal to Hearing in Devotional Music of the Spanish Empire},
  Author                   = {Cashner, Andrew A.},
  Year                     = {2016},
  Note                     = {Presentation to the Music History and Theory Forum, University of California, Santa Barbara},

  Owner                    = {andrew},
  Shorttitle               = {Making Faith Appeal to Hearing},
  Timestamp                = {2017.04.11}
}

@Thesis{Cashner:Gerhardt,
  Title                    = {The Reception of Paul Gerhardt's Hymns in the Seventeenth Century},
  Author                   = {Cashner, Andrew A.},
  Institution              = {University of Notre Dame},
  Type                     = {Master of Sacred Music thesis},
  Year                     = {2009},

  Keywords                 = {2}
}

@Unpublished{Cashner:Gerhardt-FMCS,
  Title                    = {The Reception of Paul Gerhardt's Hymns before Pietism: New Evidence and New Perspectives},
  Author                   = {Cashner, Andrew A.},
  Year                     = {2009},
  Note                     = {Paper presented at the annual meeting of the Forum on Music and Christian Scholarship, University of Notre Dame},

  Keywords                 = {cashner-presentations},
  Owner                    = {andrew},
  Timestamp                = {2016.05.25}
}

@Unpublished{Cashner:HeavenlyDissonance,
  Title                    = {Heavenly Dissonance in a Villancico by Joan Cererols \mkbibparens{Montserrat, ca.~1660}},
  Author                   = {Cashner, Andrew A.},
  Year                     = {2013},
  Note                     = {Paper presented at the Western Mediterranean Culture Workshop, University of Chicago},

  Keywords                 = {cashner-presentations},
  Owner                    = {andrew},
  Timestamp                = {2016.05.25}
}

@Unpublished{Cashner:PadillaRhythm-AMS,
  Title                    = {Rhythm as Representation of Society in an \mkbibemph{Ensaladilla} from Colonial Puebla, Mexico, 1652},
  Author                   = {Cashner, Andrew A.},
  Year                     = {2015},
  Note                     = {Paper presented at the annual meeting of the American Musicological Society, Louisville, KY},

  Keywords                 = {cashner-presentations},
  Owner                    = {andrew},
  Timestamp                = {2016.05.25}
}

@Unpublished{Cashner:PadillaRhythm-Baeza,
  Title                    = {Una voz para cada uno \mkbibemph{Al establo más dichoso}: Ritmo como símbolo teológico para representar la sociedad en una \mkbibemph{ensaladilla} de Juan Gutiérrez de Padilla, 1652},
  Author                   = {Cashner, Andrew A.},
  Year                     = {2014},
  Note                     = {Paper presented at the Congreso Internacional \mkbibquote{Nuevas perspectivas en torno a los villancicos}, Universidad Internacional de Andalucía, Baeza, Spain},

  Keywords                 = {cashner-presentations},
  Langid                   = {spanish},
  Owner                    = {andrew},
  Timestamp                = {2016.05.25}
}

@Thesis{Cashner:PhD,
  Title                    = {Faith, Hearing, and the Power of Music in Hispanic Villancicos, 1600--1700},
  Author                   = {Cashner, Andrew A.},
  Institution              = {University of Chicago},
  Type                     = {PhD diss.},
  Year                     = {2015},

  Keywords                 = {villancico,faith,hearing,theology,spanish-literature,spain,latin-america,mexico,music-analysis,17C,popular-devotion},
  Owner                    = {andrew},
  Shorttitle               = {Faith, Hearing, and the Power of Music},
  Timestamp                = {2016.01.28}
}

@Article{Cashner:TracingMusicalTheology,
  Title                    = {Tracing Musical Theology through Networks of Musicians in Seventeenth-Century Spain},
  Author                   = {Cashner, Andrew A.},
  Journaltitle             = {Perspectives on Europe},
  Year                     = {2013},
  Number                   = {1},
  Pages                    = {83--86},
  Volume                   = {45},

  Owner                    = {andrew},
  Timestamp                = {2016.05.20}
}

@Unpublished{Cashner:UnhearableMusic,
  Title                    = {Listening for Unhearable Music: Neoplatonic Paradox in Villancicos from Seventeenth-Century Mexico and Spain},
  Author                   = {Cashner, Andrew A.},
  Year                     = {2015},
  Note                     = {Paper presented at Music Department Colloquium, Washington University in St. Louis},

  Keywords                 = {cashner-presentations},
  Owner                    = {andrew},
  Timestamp                = {2016.05.25}
}

@Book{Cashner:WLSCM32,
  Title                    = {Villancicos about Music from Seventeenth-Century Spain and New Spain},
  Year                     = {2017},
  Editor                   = {Cashner, Andrew A.},
  Number                   = {32},
  Publisher                = {Society for Seventeenth-Century Music},
  Series                   = {Web Library of Seventeenth-Century Music},
  Url                      = {http://www.sscm-wlscm.org/},

  Keywords                 = {villancico, music-edition, 17C, Spain, New-Spain, music-about-music},
  Owner                    = {andrew},
  Shorttitle               = {Villancicos about Music},
  Timestamp                = {2016.12.14},
  keywords={primary}
}

@Unpublished{Cashner:WordVoice,
  Title                    = {\mkbibquote{When the Word is Clothed with the Voice}: Material Forms of Sung Poetry in Seventeenth-Century Mexico and Spain},
  Author                   = {Cashner, Andrew A.},
  Year                     = {2015},
  Note                     = {Paper presented at the conference, Renaissance Poetics and the Material Turn, University of Chicago},

  Keywords                 = {cashner-presentations},
  Owner                    = {andrew},
  Timestamp                = {2016.05.25}
}

@Incollection{Castagna:JesuitsConversionBrazil,
  Title                    = {The Use of Music by the Jesuits in the Conversion of the Indigenous Peoples of Brazil},
  Author                   = {Castagna, Paolo},
  Pages                    = {641--658},

  Crossref                 = {OMalley:Jesuits},
  Keywords                 = {Brazil,conversion,missions,Jesuits,cultural-exchange},
  Owner                    = {andrew},
  Timestamp                = {2016.05.23}
}

@Article{Castaneda:IlustracionOratorians,
    author={Castañeda García, Rafael},
    title={Ilustración y educación: La Congregación del Oratorio
        de San Felipe Neri en Nueva España \mkbibparens{siglo XVIII}},
    shorttitle={Ilustración y educación},
    journaltitle={Historia crítica},
    volume=59,
    year=2016,
    pages={145--165},
    langid={spanish},
    keywords={oratorians,new-spain,education,enlightenment,18C}
}

@Book{Catholic:Breviarium1631,
  Title                    = {Breviarium Romanum ex decretum Sacros. Conc. Trid. Restitutum Pii V. Pont. Max. iuss editum, \& Clementis VIII Primum, nunc denuo Vrbani Pp. VIII auctoritate recognitum},
  Author                   = {{Catholic Church}},
  Year                     = {1631},
  Location                 = {[Rome?]},

  Keywords                 = {primary, 1-theology,shortlist},
  Langid                   = {latin},
  Shorttitle               = {Breviarium Romanum}
}

@Book{Catholic:Catechismus1567,
  Title                    = {Catechismvs Ex Decreto Concilii Tridentini, Ad Parochos Pii V. Pont. Max. iussu editus},
  Author                   = {{Catholic Church}},
  Year                     = {1567},
  Location                 = {Cologne},

  Langid                   = {latin}
}

@Book{Catholic:Catechismus1614,
  Title                    = {Catechismus ex decreto sacrosancti Concilii Tridentini: iussu Pij V. pontif. max. editus},
  Author                   = {{Catholic Church}},
  Year                     = {1614},
  Location                 = {London},

  Keywords                 = {primary, 1-theology,shortlist},
  Langid                   = {latin},
  Shorttitle               = {Catechismus}
}

@Book{Catholic:LiberUsualis1956,
  Title                    = {The Liber Usualis: With Introduction and Rubrics in English},
  Author                   = {{Catholic Church}},
  Year                     = {1956},
  Location                 = {Tournai},
  Publisher                = {Desclée \& Cie.},

  Keywords                 = {2},
  Shorttitle               = {The Liber Usualis}
}

@Book{Cavarero:Voice,
  Title                    = {For More than One Voice: Toward a Philosophy of Vocal Expression},
  Author                   = {Cavarero, Adriana},
  Year                     = {2005},
  Location                 = {Stanford, CA},
  Publisher                = {Stanford University Press},
  Translator               = {Kottman, Paul A.},

  Keywords                 = {2}
}

@Book{Cavazzi:Congo,
  Title                    = {Istorica Descrizione de tre Regni Congo, Matamba et Angola},
  Author                   = {Cavazzi, Giovannio Antonio},
  Year                     = {1687},
  Location                 = {Bologna},

  Keywords                 = {primary},
  Langid                   = {italian},
  Shorttitle               = {Istorica Descrizione}
}

@BookInBook{Cererols:FueraQueVa,
    title={Fuera, que va de invención},
    crossref={Cererols:MEM-VC},
    pages={81--94}
}

@Book{Cererols:MEM-VC,
  Title                    = {Joan Cererols III},
  Author                   = {Cererols, Joan},
  Year                     = {1932},
  Editor                   = {Pujols, David},
  Location                 = {Monestir de Montserrat},
  Number                   = {3},
  Series                   = {Mestres de l'Escolania de Montserrat},

  Keywords                 = {primary,villancico-editions},
  Langid                   = {catalan}
}

@Book{Cerone:Melopeo,
  Title                    = {El melopeo y maestro},
  Author                   = {Cerone, Pedro},
  Year                     = {1613},
  Location                 = {Naples},

  Keywords                 = {primary, 1-theory,shortlist},
  Langid                   = {spanish}
}

@Book{Cervantes:DonQuijote:Sevilla,
  Title                    = {Don Quijote de la Mancha},
  Author                   = {Cervantes Saavedra, Miguel de},
  Year                     = {2010},
  Editor                   = {Sevilla Arroyo, Florencio},
  Location                 = {New York},
  Publisher                = {Vintage Español},

  Keywords                 = {spanish-literature},
  Langid                   = {spanish},
  Origdate                 = {2002},
  Owner                    = {andrew},
  Timestamp                = {2016.02.29}
}

@Book{Chafe:Tonal,
  Title                    = {Tonal Allegory in the Vocal Music of J.S. Bach},
  Author                   = {Chafe, Eric},
  Year                     = {1991},
  Location                 = {Berkeley},
  Publisher                = {University of California Press},

  Keywords                 = {2}
}

@Article{Chakravarti:LanguageOfLand,
  Title                    = {In the Language of the Land: Native Conversion in Jesuit Public Letters from Brazil and India},
  Author                   = {Chakravarti, Ananya},
  Journaltitle             = {Journal of Early Modern History},
  Year                     = {2013},
  Pages                    = {505--524},
  Volume                   = {17},

  Keywords                 = {missions,Jesuits,India,Brazil,early-modern-catholicism,cultural-exchange,conversion,correspondence},
  Owner                    = {andrew},
  Shorttitle               = {In the Language of the Land},
  Timestamp                = {2016.05.18}
}

@Article{Chavez:DistortingReality,
  Title                    = {Distorting Reality: Christmas Villancicos and the Culture of Sacred Immanence in Early Seventeenth-Century Puebla de los Ángeles},
  Author                   = {Chávez-Bárcenas, Ireri E.},
  Year                     = {2014},
  Note                     = {Paper presented at the Eightieth Annual Meeting of the American Musicological Society, Milwaukee, WI, Nov. 8},

  Keywords                 = {2},
  Shorttitle               = {Distorting Reality}
}

@Thesis{ChavezBarcenas:PhD,
  Title                    = {Singing in the City of Angels: 
Race, Identity, and Devotion in Early Modern Puebla de los Ángeles},
  Author                   = {Chávez Bárcenas, Ireri Elizabeth},
  Institution              = {Princeton University},
  Type                     = {PhD diss.},
  Year                     = {2018},

  Keywords                 = {villancico-studies,puebla,17C,race},
  Owner                    = {andrew},
  Shorttitle               = {Singing in the City of Angels},
  Timestamp                = {2018.07.27}
}

@Book{Cherry:Bodegon,
  Title                    = {Arte y naturaleza: El bodegón español en el Siglo de Oro},
  Author                   = {Cherry, Peter},
  Year                     = {1999},
  Location                 = {Madrid},
  Publisher                = {Ediciones Doce Calles},

  Keywords                 = {2},
  Langid                   = {spanish}
}

@Collection{CHPerformance,
  Title                    = {The Cambridge History of Musical Performance},
  Editor                   = {Lawson, Colin and Stowell, Robin},
  Year                     = {2012},
  Location                 = {Cambridge},
  Publisher                = {Cambridge University Press},

  Keywords                 = {performance},
  Owner                    = {andrew},
  Timestamp                = {2016.05.18}
}

@Book{Christian:Apparitions,
  Title                    = {Apparitions in Late Medieval and Renaissance Spain},
  Author                   = {Christian, Jr., William A.},
  Year                     = {1981},
  Location                 = {Princeton},
  Publisher                = {Princeton University Press},

  Keywords                 = {2}
}

@Book{Christian:LocalReligion,
  Title                    = {Local Religion in Sixteenth-Century Spain},
  Author                   = {Christian, Jr., William A.},
  Year                     = {1981},
  Location                 = {Princeton},
  Publisher                = {Princeton University Press},

  Keywords                 = {2}
}

@Book{Christian:PersonAndGod,
  Title                    = {Person and God in a Spanish Valley},
  Author                   = {Christian, Jr., William A.},
  Year                     = {1988},
  Edition                  = {2},
  Location                 = {Princeton},
  Publisher                = {Princeton University Press},

  Keywords                 = {2}
}

@Collection{CHWorldMusic,
  Title                    = {The Cambridge History of World Music},
  Editor                   = {Bohlman, Philip V.},
  Year                     = {2013},
  Location                 = {Cambridge},
  Publisher                = {Cambridge University Press},

  Keywords                 = {world-music,ethnomusicology,music-historiography},
  Owner                    = {andrew},
  Timestamp                = {2016.05.18}
}

@Book{Codina:MontserratVCs,
  Title                    = {Catàleg dels villancicos i oratoris impresos de la Biblioteca de Montserrat, segles XVII--XIX},
  Author                   = {Codina i Giol, Daniel},
  Year                     = {2003},
  Location                 = {Montserrat},
  Publisher                = {Publicacions de l'Abadia de Montserrat},

  Keywords                 = {primary, catalog,villancico-imprint-catalog},
  Langid                   = {catalan}
}

@Incollection{Coelho:NewWorlds,
  Title                    = {Music in New Worlds},
  Author                   = {Coelho, Victor Anand},
  Pages                    = {88--110},

  Crossref                 = {Cambridge:Music17C},
  Keywords                 = {exploration,cultural-exchange,world-music,early-modern,17C},
  Owner                    = {andrew},
  Timestamp                = {2016.05.18}
}

@Incollection{Cohen:NotesMiddleAges,
  Title                    = {Notes, Scales, and Modes in the Earlier Middle Ages},
  Author                   = {Cohen, David E.},
  Pages                    = {307--363},

  Crossref                 = {Cambridge:HistoryofTheory},
  Keywords                 = {2}
}

@Online{Collins:Calendar,
  Title                    = {Historical Calendar},
  Author                   = {Collins, A. R.},
  Url                      = {http://www.arc.id.au/Calendar.html},

  Keywords                 = {2}
}

@Book{Comes:Danzas,
  Title                    = {Danzas del Santísimo Corpus Christi},
  Author                   = {Comes, Juan Bautista},
  Year                     = {1952},
  Editor                   = {García Julbe, Vicente and Palau, Manuel},
  Location                 = {Valencia},
  Publisher                = {Instituto Valenciano de Musicologia, Institución Alfonso el Magnánimo, Diputación Provincial de Valencia},

  Keywords                 = {primary},
  Langid                   = {spanish}
}

@Book{Comes:VCs,
  Title                    = {Obras en lengua romance},
  Author                   = {Comes, Juan Bautista},
  Year                     = {1977},
  Editor                   = {Climent, José},
  Location                 = {Valencia},
  Publisher                = {Instituto Valenciano de Musicología, Institución Alfonso el Magnanimo},
  Volumes                  = {3},

  Keywords                 = {primary,villancico-editions},
  Langid                   = {spanish}
}

@Book{Cook:MusicIntro,
  Title                    = {Music: A Very Short Introduction},
  Author                   = {Cook, Nicholas},
  Year                     = {1998},
  Location                 = {Oxford},
  Publisher                = {Oxford University Press},

  Keywords                 = {2,textbooks,new-musicology}
}

@Collection{Cook:RethinkingMusic,
  Title                    = {Rethinking Music},
  Editor                   = {Cook, Nicholas and Everist, Mark},
  Year                     = {1999},
  Location                 = {Oxford},
  Publisher                = {Oxford University Press},

  Keywords                 = {2}
}

@Book{Corderio:CatenaIoannem,
  Title                    = {Catena Patrvm Græcorum in Sanctvm Ioannem ex Antiqvissimo 
 Græco Codice MS. Nvnc Prmvm in Lvcem edita},
  Author                   = {Corderio, Balthasar},
  Year                     = {1630},
  Location                 = {Antwerp},
  Note                     = {MEX-Plf 9757-21090203,
\mkbibemph{ex libris} Colegio de San Juan},

  __markedentry            = {[andrew:6]},
  Keywords                 = {compendia, primary},
  Langid                   = {latin},
  Owner                    = {andrew},
  Timestamp                = {2016.09.15}
}

@Book{Corderio:CatenaLucam,
  Title                    = {Catena LXV patrum graecorum in sanctum Lucam},
  Author                   = {Corderio, Balthasar},
  Year                     = {1628},
  Location                 = {Antwerp},
  Note                     = {MEX-Ppx: BS535 C6,
\mkbibemph{ex libris} Colegio del Espiritu Santo},

  __markedentry            = {[andrew:6]},
  Keywords                 = {compendia, primary},
  Langid                   = {latin},
  Owner                    = {andrew},
  Timestamp                = {2016.09.15}
}

@Book{CorpusIuris1582,
    author={Catholic Church},
    title={Corpus juris canonici emendatum et notis illustratum. 
        Gregorii XIII. pont.  max. iussu editum.},
    shorttitle={Corpus juris canonici \mkbibparens{1582}},
    location={Rome},
    year=1582,
    volumes=4,
    %note={UCLA Digital Library Program},
    url={http://digital.library.ucla.edu/canonlaw},
    langid={latin},
    keywords={Catholic, canon law, primary}
}

@Book{Cotarelo:Entremeses,
  Title                    = {Colección de entremeses, loas, bailes, jácaras y mojigangas desde fines del siglo XVI a mediados del XVIII ordenada},
  Year                     = {1911},
  Editor                   = {Cotarelo y Mori, Emilio},
  Location                 = {Madrid},
  Publisher                = {Bailly-Bailliére},

  Keywords                 = {primary},
  Langid                   = {spanish},
  Shorttitle               = {Colección de entremeses}
}

@Book{Covarrubias:Emblemas,
  Title                    = {Emblemas morales},
  Author                   = {Covarrubias Orozco, Sebastián de},
  Year                     = {1610},
  Location                 = {Madrid},

  Keywords                 = {primary},
  Langid                   = {spanish}
}

@Book{Covarrubias:Tesoro,
  Title                    = {Tesoro de la lengua castellana, o española},
  Author                   = {Covarrubias Orozco, Sebastián de},
  Year                     = {1611},
  Location                 = {Madrid},

  Keywords                 = {primary},
  Langid                   = {spanish}
}

@Misc{Cpt-Notes-Girona,
    title={Algunas Reglas sobre els Contrapunts observadas del metodo de alguns
        mestres en Gerona},
    note={E-Bbc: M/732/15},
    keywords={primary, music-theory, Catalonia},
}

@Book{Cruger:GeistlicheKirchenMelodienEdition,
  Title                    = {Johann Crügers \mkbibemph{Geistliche Kirchen-Melodien} \mkbibparens{1649}: Textkritische Edition},
  Author                   = {Crüger, Johann},
  Year                     = {2014},
  Editor                   = {Rosenberger, Johann},
  Location                 = {Münster, Germany},
  Publisher                = {MV-Verlag},

  Langid                   = {german},
  Origdate                 = {1649},
  Owner                    = {andrew},
  Timestamp                = {2016.11.17}
}

@Thesis{Damjanovic:Clarin,
    author={Damjanovic, Anita},
    title={The Metamorphoses of Clarín},
    type={PhD diss.},
    institution={University of Chicago},
    year=2016,
    keywords={spanish-literature,Calderón,drama,instruments}
}

@Book{Daston:Wonders,
  Title                    = {Wonders and the Order of Nature, 1150--1750},
  Author                   = {Daston, Lorraine and Park, Katharine},
  Year                     = {1998},
  Location                 = {New York},
  Publisher                = {Zone Books},

  Keywords                 = {2}
}

@Article{Davies:Guadalupe,
  Title                    = {Villancicos from Mexico City for the Virgin of Guadalupe},
  Author                   = {Davies, Drew Edward},
  Journaltitle             = {Early Music},
  Year                     = {2011},
  Number                   = {2},
  Pages                    = {229--244},
  Volume                   = {39},

  Keywords                 = {villancico-studies,Mexico-City,BMV,devotional-music,17C,18C,colonial-music},
  Owner                    = {andrew},
  Timestamp                = {2017.12.11}
}

@InCollection{Davies:HarmonyConversion,
    title={La armonía de la conversion: Ángeles músicos en la arquitectura
        novohispana y el pensamiento agustino-neoplatónico},
    shorttitle={La armonía de la conversion},
    author={Davies, Drew Edward},
    booktitle={Harmonia Mundi: Los instrumentos sonoros en Iberoamérica, siglos
        XVI al XIX},
    location={Mexico City},
    publisher={Universidad Nacional Autónoma de México},
    year=2009,
    pages={37--63},
    keywords={neoplatonism,angel musicians, architecture, iconography, music,
        new spain}
}

@Article{Davies:LocalContent,
  Title                    = {Finding \mkbibquote{Local Content} in the Music of New Spain},
  Author                   = {Davies, Drew Edward},
  Journaltitle             = {Early Music America},
  Year                     = {2013},
  Number                   = {19},
  Pages                    = {60--64},
  Volume                   = {2},

  Keywords                 = {villancico, ethnic-villancico, race, identity, performance-practice, ethics, post-colonial, colonial, Juan-Gutierrez-de-Padilla, popular-music},
  Owner                    = {andrew},
  Shorttitle               = {Finding \mkbibquote{Local Content}},
  Timestamp                = {2016.01.26}
}

@Thesis{Davies:PhD,
  Title                    = {The Italianized Frontier: Music at Durango Cathedral, \mkbibemph{español} Culture, and the Aesthetics of Devotion in Eighteenth-Century New Spain},
  Author                   = {Davies, Drew Edward},
  Institution              = {University of Chicago},
  Type                     = {PhD diss.},
  Year                     = {2006},

  Keywords                 = {2,shortlist},
  Shorttitle               = {The Italianized Frontier}
}

@Article{Davies:StPeter,
  Title                    = {St. Peter and the Triumph of the Church in Music from New Spain},
  Author                   = {Davies, Drew Edward},
  Journaltitle             = {Sanctorum},
  Year                     = {2009},
  Pages                    = {67--89},
  Volume                   = {6},

  Keywords                 = {2}
}

@Book{Dean:Inka,
  Title                    = {Inka Bodies and the Body of Christ: Corpus Christi in Colonial Cusco, Peru},
  Author                   = {Dean, Carolyn},
  Year                     = {1999},
  Location                 = {Durham, NC},
  Publisher                = {Duke University Press},

  Keywords                 = {2}
}

@Article{Dean:ListeningPolyphony,
  Title                    = {Listening to Sacred Polyphony c.~1500},
  Author                   = {Dean, Jeffrey},
  Journaltitle             = {Early Music},
  Year                     = {1997},
  Number                   = {4},
  Pages                    = {611--636},
  Volume                   = {25},

  Keywords                 = {2}
}

@Book{DeArmas:Astraea,
  Title                    = {The Return of Astraea: An Astral-Imperial Myth in Calderón},
  Author                   = {De Armas, Frederick A.},
  Year                     = {1986},
  Location                 = {Lexington, KY},
  Publisher                = {University Press of Kentucky},

  Keywords                 = {2}
}

@Reference{Delaney:Saints,
  Title                    = {Dictionary of Saints},
  Year                     = {2005},
  Location                 = {New York},
  Publisher                = {Doubleday},

  Author                   = {Delaney, John J.},
  Keywords                 = {2}
}

@Book{DellAntonio:Listening,
  Title                    = {Listening as Spiritual Practice in Early Modern Italy},
  Author                   = {Dell'Antonio, Andrew},
  Year                     = {2011},
  Location                 = {Berkeley},
  Publisher                = {University of California Press},

  Keywords                 = {hearing,spirituality,Italy,early-modern},
  Owner                    = {andrew},
  Timestamp                = {2017.01.26}
}

@Incollection{Diamond:NativeAmericanHistory,
  Title                    = {Native American Ways of \mkbibparens{Music} History},
  Author                   = {Diamond, Beverley},
  Pages                    = {155--180},

  Crossref                 = {CHWorldMusic},
  Keywords                 = {native-americans,historiography},
  Owner                    = {andrew},
  Timestamp                = {2016.05.18}
}

@Incollection{DiezBorque:Publico,
  Title                    = {El auto sacramental calderoniano y su publico: Funciones del texto cantado},
  Author                   = {Diez Borque, Jose Maria},
  Booktitle                = {Calderon and the Baroque Tradition},
  Editor                   = {Levy, Kurt and Ara, Jesus and Hughes, Gethin},
  Year                     = {1985},
  Location                 = {Waterloo, Ontario, Canada},
  Pages                    = {49--68},
  Publisher                = {Wilfred Laurier University Press},

  Keywords                 = {2},
  Langid                   = {spanish}
}

@Article{Ditchfield:Dancing,
  Title                    = {Of Dancing Cardinals and Mestizo Madonnas: Reconfiguring the History of Roman Catholicism in the Early Modern Period},
  Author                   = {Ditchfield, Simon},
  Journaltitle             = {Journal of Early Modern History},
  Year                     = {2002},
  Number                   = {3--4},
  Pages                    = {386--408},
  Volume                   = {8},

  Keywords                 = {2}
}

@Incollection{Djedje:AfricanAmericanMusic,
  Title                    = {African American Music to 1900},
  Author                   = {Djedje, Jacquelline Cogdell},
  Pages                    = {103--134},

  Crossref                 = {Cambridge:American},
  Owner                    = {andrew},
  Timestamp                = {2016.05.23}
}

@Reference{DMEH,
  Title                    = {Diccionario de la música española e hispanoamericana [DMEH]},
  Editor                   = {Casares Rodicio, Emilio},
  Year                     = {1999},
  Location                 = {Madrid},
  Publisher                = {Sociedad general de autores y editores},
  Volumes                  = {10},

  Langid                   = {spanish},
  Shorttitle               = {DMEH}
}

@Book{DoetschKraus:Sinestesia,
  Title                    = {La sinestesia en la poesía española: Desde La Edad Media hasta mediados del siglo XIX; Un enfoque semántico},
  Author                   = {Doetsch Kraus, Ursula},
  Year                     = {1992},
  Location                 = {Pamplona},
  Publisher                = {Ediciones Universidad de Navarra},

  Keywords                 = {2},
  Langid                   = {spanish}
}

@Book{Dolar:Voice,
  Title                    = {A Voice and Nothing More},
  Author                   = {Dolar, Mladen},
  Year                     = {2006},
  Location                 = {Cambridge, MA},
  Publisher                = {MIT Press},

  Keywords                 = {2}
}

@Book{Douglas:Purity,
  Title                    = {Purity and Danger: An Analysis of Concepts of Pollution and Taboo},
  Author                   = {Douglas, Mary},
  Year                     = {1966},
  Location                 = {New York},
  Publisher                = {Praeger},

  Keywords                 = {ritual},
  Owner                    = {andrew},
  Shorttitle               = {Purity and Danger},
  Timestamp                = {2016.03.01}
}

@Reference{DRAE,
    Title = {Diccionario de la Real Academía Española [DRAE]},
    url = {https://www.dle.rae.es/},
    shorttitle = {DRAE}
}

@Book{Dryden:Alexander,
  Title                    = {Alexander's Feast, or the Power of Music},
  Author                   = {Dryden, John},
  Date                     = {1697},
  Location                 = {London},

  Keywords                 = {primary, 17C, poetry, power-of-music},
  Owner                    = {andrew},
  Shorttitle               = {Alexander's Feast},
  Timestamp                = {2017.11.14}
}

@Article{Duncanson-Hales:Hermeneutics,
    author={Duncanson-Hales, Christopher},
    title={Re-Imagining Text --- Re-Imagining Hermeneutics},
    journaltitle={Postscripts},
    volume=7,
    number=1,
    year=2011,
    pages={87--122},
    keywords={Ricoeur,hermeneutics,postmodernism}
}

@Book{Eidsheim:SensingSound,
  Title                    = {Sensing Sound: Singing and Listening as Vibrational Practice},
  Author                   = {Eidsheim, Nina Sun},
  Year                     = {2015},
  Location                 = {Durham, NC},
  Publisher                = {Duke University Press},

  Keywords                 = {hearing,sound-studies,harmony,vibration,society},
  Owner                    = {andrew},
  Shorttitle               = {Sensing Sound},
  Timestamp                = {2017.01.26}
}

@Book{Elliott:ImperialSpain,
  Title                    = {Imperial Spain 1469--1716},
  Author                   = {Elliott, John},
  Year                     = {2002},
  Location                 = {London},
  Publisher                = {Penguin},

  Keywords                 = {2},
  Origdate                 = {1963},
  Shorttitle               = {Imperial Spain}
}

@Book{Endo:Silence,
  Title                    = {Silence},
  Author                   = {Endo, Shusaku},
  Year                     = {1969},
  Location                 = {New York},
  Publisher                = {Taplinger Publishing Company},
  Translator               = {Johnston, William},

  Keywords                 = {fiction,Japan,missionaries,Jesuits},
  Owner                    = {andrew},
  Timestamp                = {2016.05.20}
}

@Article{EntremesRomancesEd,
  Title                    = {Entremés de los romances},
  Journaltitle             = {Cervantes},
  Year                     = {2002},
  Editor                   = {Eisenberg, Daniel and Stagg, Geoffrey},
  Number                   = {2},
  Pages                    = {151--174},
  Volume                   = {22},

  Keywords                 = {primary},
  Langid                   = {spanish}
}

@Book{Erasmus:Dolan,
  Title                    = {The Essential Erasmus},
  Author                   = {Erasmus, Desiderius},
  Year                     = {1993},
  Editor                   = {Dolan, John P.},
  Location                 = {New York},
  Publisher                = {Meridian},

  Keywords                 = {Erasmus,Catholic-Reformation,16C,devotional-theology,polemical-theology,doctrinal-theology},
  Owner                    = {andrew},
  Timestamp                = {2017.01.17}
}

@Book{EspinosaPolit:SantaMariana,
  Title                    = {Santa Mariana de Jesús, hija de la Compañía de Jesús},
  Author                   = {Espinosa Pólit, Aurelio},
  Year                     = {1956},
  Location                 = {Quito},
  Publisher                = {La Prensa Católica},
  Subtitle                 = {Estudio histórico-ascético de su espiritualidad},

  Langid                   = {spanish},
  Shorttitle               = {Santa Mariana de Jesús}
}

@Incollection{Estrada:CererolsBio,
  Title                    = {Esbós per a un estudi de l'obra de Joan Cererols \mkbibparens{1618--1680}},
  Author                   = {Estrada, Grigori},
  Pages                    = {7--23},

  Crossref                 = {Bonastre:CererolsSymposium},
  Keywords                 = {2},
  Langid                   = {catalan},
  Shorttitle               = {Esbós per a un estudi de l'obra de Joan Cererols}
}

@Article{Ezquerro:CatalogoZaragoza,
    author={Ezquerro Estéban, Antonio and González Marín, Luis Antonio},
    title={Catálogo del fondo documental del sigo XVII del Archivo musical de
        las catedrales de Zaragoza (Zac)},
    journal={Anuario musical},
    volume={46},
    pages={127--171},
    year=1991,
    keywords={catalog,villancicos,zaragoza,17C}
}

@Inreference{Ezquerro:JalonLB,
  Title                    = {Diccionario de la música española e hispanoamericana},
  Author                   = {Ezquerro Estéban, Antonio},

  Keywords                 = {2},
  Langid                   = {spanish},
  Lista                    = {Jalón, Luis Bernardo},
  Options                  = {skipbib}
}

@Book{Ezquerro:MME55,
  Title                    = {Villancicos aragoneses del siglo XVII de una a ocho voces},
  Year                     = {1998},
  Editor                   = {Ezquerro Estéban, Antonio},
  Location                 = {Barcelona},
  Number                   = {55},
  Publisher                = {Consejo Superior de Investigaciones Científicas},
  Series                   = {Monumentos de la música española},

  Keywords                 = {primary, 1-VCmusic,shortlist,villancico-editions},
  Langid                   = {spanish}
}

@Book{Ezquerro:MME59,
  Title                    = {Villancicos policorales aragoneses del siglo XVII},
  Year                     = {2000},
  Editor                   = {Ezquerro Estéban, Antonio},
  Location                 = {Barcelona},
  Number                   = {59},
  Publisher                = {Consejor Superior de Investigaciones Científicas},
  Series                   = {Monumentos de la música española},

  Keywords                 = {primary, 1-VCmusic,villancico-editions},
  Langid                   = {spanish}
}

@Book{Ezquerro:MME65,
  Title                    = {Tonos humanos, letras y villancicos catalanes del siglo XVII},
  Year                     = {2002},
  Editor                   = {Ezquerro Estéban, Antonio},
  Location                 = {Barcelona},
  Number                   = {65},
  Publisher                = {Consejo Superior de Investigaciones Científicas},
  Series                   = {Monumentos de la música española},

  Keywords                 = {primary, 1-VCmusic,shortlist,villancico-editions},
  Langid                   = {spanish}
}

@Book{Fassler:Chartres,
  Title                    = {The Virgin of Chartres: Making History through Liturgy and the Arts},
  Author                   = {Fassler, Margot E.},
  Year                     = {2010},
  Location                 = {New Haven},
  Publisher                = {Yale University Press},

  Keywords                 = {2}
}

@Thesis{Favila:PhD,
  Title                    = {Music and Devotion in Novohispanic Convents, 1600--1800},
  Author                   = {Favila, Cesar D.},
  Institution              = {University of Chicago},
  Type                     = {PhD diss.},
  Year                     = {2016},

  Keywords                 = {monastics,devotion,New-Spain,Puebla,gender},
  Owner                    = {andrew},
  Timestamp                = {2017.04.11}
}

@Article{Favila:Profession,
    author={Favila, Cesar D.},
    title={The Sound of Profession Ceremonies in Novohispanic Convents},
    journal={Journal of the Society for American Music},
    volume={13},
    number={2},
    pages={143--170},
    year=2019,
    keywords={spanish-music,convent-music,economics,social-class,gender,new-spain,Puebla}
}

@Book{Feldman:Opera,
  Title                    = {Opera and Sovereignty: Transforming Myths in Eighteenth- Century Italy},
  Author                   = {Feldman, Martha},
  Year                     = {2007},
  Location                 = {Chicago},
  Publisher                = {University of Chicago Press},

  Keywords                 = {2}
}

@Incollection{Feldman:Passions,
  Title                    = {Music and the Order of the Passions},
  Author                   = {Feldman, Martha},
  Booktitle                = {Representing the Passions: Histories, Bodies, Visions},
  Editor                   = {Meyer, Richard},
  Year                     = {2003},
  Location                 = {Los Angeles},
  Pages                    = {37--67},
  Publisher                = {Getty Research Institute},

  Keywords                 = {2}
}

@Article{Feldman:Voice,
    author={Feldman, Martha},
    title={The Interstitial Voice: An Opening},
    journal={Journal of the American Musicological Society},
    volume={68},
    number={3},
    pages={653--659},
    year=2015,
    keywords={voice}
}

@Book{Feliciano:Catena,
  Title                    = {Catena explanationvm veterum sanctorum patrum, in Acta 
 Apostolorum, [et] Epistolas catholicas},
  Author                   = {Feliciano, Giovanni Bernardino},
  Year                     = {1552},
  Location                 = {Basel},
  Note                     = {MEX-Plf 16481-22100103,
 \mkbibemph{ex libris} Convento de Santo Domingo de Puebla},

  __markedentry            = {[andrew:6]},
  Keywords                 = {compendia, 1},
  Langid                   = {latin},
  Owner                    = {andrew},
  Timestamp                = {2016.09.15}
}

@Book{Fernandez:Cancionero,
  Title                    = {Cancionero musical de Gaspar Fernandes: Tomo primero},
  Author                   = {Fernandes, Gaspar},
  Year                     = {2001},
  Editor                   = {Tello, Aurelio},
  Location                 = {Mexico City},
  Publisher                = {Centro Nacional de Investigación, Documentación e Información Musical Carlos Chávez},

  Keywords                 = {primary, 1-VCmusic,shortlist,villancico-editions},
  Langid                   = {spanish}
}

@Book{Fernandez:Divinarum,
  Title                    = {Divinarum Scriptuarum iuxta sanctorum patrum sententias 
 locupletissimus thesaurus in quo parabole, metaphorae, 
phrases, et difficiliora quaeq[ue] loca totius sacrae paginae 
declarantur: cum concordia utriusq[ue] Testamenti},
  Author                   = {Fernández, Juan},
  Year                     = {1594},
  Location                 = {Medina del Campo},
  Note                     = {MEX-Ppx: BS535 F4},

  __markedentry            = {[andrew:6]},
  Keywords                 = {primary},
  Langid                   = {latin},
  Owner                    = {andrew},
  Timestamp                = {2016.09.15}
}

@Collection{FilippiNoone:ListeningCatholicism,
    title={Listening to Early Modern Catholicism: Perspectives from
        Musicology},
    shorttitle={Listening to Early Modern Catholicism},
    editor={Filippi, Daniele and Noone, Michael},
    location={Leiden},
    publisher={Brill},
    year=2017,
    keywords={secondary,listening,catholicism,early-modern}
}

@Collection{Findlen:Kircher,
  Title                    = {Athanasius Kircher: The Last Man Who Knew Everything},
  Editor                   = {Findlen, Paula},
  Year                     = {2004},
  Location                 = {New York},
  Publisher                = {Routledge},

  Keywords                 = {Kircher,history-of-science,17C,early-modern,music-theory},
  Owner                    = {andrew},
  Shorttitle               = {Athanasius Kircher},
  Timestamp                = {2017.01.13}
}

@Book{Fisk:Composers,
  Title                    = {Composers on Music: Eight Centuries of Writings},
  Year                     = {1997},
  Editor                   = {Fisk, Josiah},
  Location                 = {Boston},
  Publisher                = {Northeastern University Press},

  Keywords                 = {music,primary-sources,composers,textbook,source-readings},
  Owner                    = {andrew},
  Shorttitle               = {Composers on Music},
  Timestamp                = {2016.08.05}
}

@Book{Fludd:Cosmi,
  Title                    = {Utriusque cosmi maioris scilicet et minoris metaphysica, physica atqve technica historia, in duo volumina secundum cosmi differentiam diuisa},
  Author                   = {Fludd, Robert},
  Year                     = {1621},
  Location                 = {Oppenheim},

  Keywords                 = {primary},
  Langid                   = {latin}
}

@Book{Foucault:OrderOfThings,
  Title                    = {The Order of Things: An Archaeology of the Human Sciences},
  Author                   = {Foucault, Michel},
  Year                     = {1971},
  Location                 = {New York},
  Publisher                = {Pantheon Books},

  Keywords                 = {2}
}

@Book{Francisca:Inquisition,
  Title                    = {The Inquisition of Francisca: A Sixteenth-Century Visionary on Trial},
  Author                   = {{Francisca de los Apóstoles}},
  Year                     = {2005},
  Editor                   = {Ahlgren, Gillian T. W.},
  Location                 = {Chicago},
  Publisher                = {University of Chicago Press},

  Keywords                 = {2}
}

@Book{Frandsen:Crossing,
  Title                    = {Crossing Confessional Boundaries: The Patronage of Italian Sacred Music in Seventeenth-Century Dresden},
  Author                   = {Frandsen, Mary E.},
  Year                     = {2006},
  Location                 = {Oxford},
  Publisher                = {Oxford University Press},

  Keywords                 = {2}
}

@Book{Frenk:Voz,
  Title                    = {Entre la voz y el silencio: La lectura en tiempos de Cervantes},
  Author                   = {Frenk, Margit},
  Year                     = {2005},
  Location                 = {Madrid},
  Publisher                = {Fondo de Cultura Económica},

  Keywords                 = {2},
  Langid                   = {spanish},
  Shorttitle               = {Entre la voz y el silencio}
}

@Article{Fromont:DanceImageMyth,
  Title                    = {Dance, Image, Myth, and Conversion in the Kingdom of Kongo, 1500--1800},
  Author                   = {Fromont, Cécile},
  Date                     = {2011},
  Journaltitle             = {African Arts},
  Pages                    = {52--63},
  Volume                   = {Winter},

  Keywords                 = {post-PhD},
  Shorttitle               = {Dance, Image, Myth}
}

@Article{Fromont:DancingKingCongo,
  Title                    = {Dancing for the King of Congo from Early Modern Central Africa to Slavery-Era Brazil},
  Author                   = {Fromont, Cécile},
  Journaltitle             = {Colonial Latin American Review},
  Number                   = {2},
  Pages                    = {184--208},
  Volume                   = {22},

  Keywords                 = {post-PhD},
  Shorttitle               = {Dancing for the King of Congo}
}

@Book{Fromont:Kongo,
    title={The Art of Conversion: Christian Visual Culture in the Kingdom of
        Kongo},
    author={Fromont, Cécile},
    shorttitle={The Art of Conversion},
    location={Williamsburg, VA},
    publisher={{Omohundro Institute for American History and Culture}/University of North Carolina Press},
    year=2014,
    keywords={Africa, Kongo, visual-art, conversion, missions,
        intercultural-exchange}
}

@Book{Gali:GarciaFerrer,
  Title                    = {Pedro García Ferrer: Un artista aragonés del siglo XVII en la Nueva España},
  Author                   = {Galí, Montserrat},
  Year                     = {1996},
  Location                 = {Teruel},
  Publisher                = {Ayuntamiento de Alcorisa: Instituto de Estudios Turolenses, Excma. Diputación Provincial de Teruel},

  Keywords                 = {2},
  Langid                   = {spanish},
  Shorttitle               = {Pedro García Ferrer}
}

@Book{Gali:RitualesSonorosPuebla,
  Title                    = {Rituales sonoros en una ciudad episcopal. Puebla, siglos XVI--XIX},
  Year                     = {2013},
  Editor                   = {Galí Boadella, Montserrat},
  Location                 = {Mexico City},
  Publisher                = {Centro de Investigaciones y Estudios Superiores en Antropología Social \mkbibparens{CIESAS}},
  Series                   = {Ritual Sonoro Catedralicio},

  Langid                   = {spanish},
  Owner                    = {andrew},
  Timestamp                = {2016.11.17}
}

@Book{Galilei:Dialogo,
  Title                    = {Dialogo della musica},
  Author                   = {Galilei, Vincenzo},
  Date                     = {1581},
  Location                 = {Florence},

  Keywords                 =
  {music-theory,Renaissance-music,Florence,ancients-moderns, primary},
  Langid                   = {italian},
  Owner                    = {andrew},
  Timestamp                = {2017.11.14}
}

@Book{Garcia-Castellanos:Puebla-Utopia,
  Title                    = {Utopía Angelopolitana: La verdadera historia de la
      fundación de Puebla de los Ángeles},
  Author                   = {García Lastra, Leopoldo A. and Castellanos Gómez, Silvia},
  Year                     = {2008},
  Location                 = {Puebla},
  Publisher                = {Secretaría de Cultura/Gobierno del Estado de Puebla},

  Keywords                 = {Puebla, Mexico},
  Langid                   = {spanish},
  Owner                    = {andrew},
  Shorttitle               = {Utopía Angelopolitana},
  Timestamp                = {2016.03.07}
}

@Book{Garland:Africa,
  Title                    = {Africa},
  Year                     = {1997},
  Editor                   = {Stone, Ruth M.},
  Location                 = {New York},
  Number                   = {1},
  Publisher                = {Routledge},
  Series                   = {Garland Encyclopedia of World Music},

  Keywords                 = {2,Africa,Angola,ethnomusicology},
  Owner                    = {andrew},
  Shorttitle               = {Central Africa},
  Timestamp                = {2016.02.09}
}

@Book{Garland:EastAsia,
  Title                    = {East Asia: China, Japan, and Korea},
  Year                     = {2001},
  Editor                   = {Provine, Robert C. and Tokumaru, Yoshiku and Witzleben, Lawrence J.},
  Location                 = {New York},
  Number                   = {7},
  Publisher                = {Routledge},
  Series                   = {The Garland Encyclopedia of World Music},

  Keywords                 = {China,Japan,Korea,world-music,ethnomusicology},
  Owner                    = {andrew},
  Timestamp                = {2016.05.20}
}

@Book{Garland:LatinAmerica,
  Title                    = {South America, Mexico, Central America, and the Caribbean},
  Year                     = {1998},
  Editor                   = {Olsen, Dale A. and Sheehy, Daniel E.},
  Location                 = {New York},
  Number                   = {2},
  Publisher                = {Routledge},
  Series                   = {The Garland Encyclopedia of World Music},

  Owner                    = {andrew},
  Timestamp                = {2016.05.20}
}

@Book{Garland:SouthAsia,
  Title                    = {South Asia: The Indian Subcontinent},
  Year                     = {2000},
  Editor                   = {Arnold, Alison},
  Location                 = {New York},
  Number                   = {5},
  Publisher                = {Routledge},
  Series                   = {The Garland Encyclopedia of World Music},

  Keywords                 = {world-music,ethnomusicology,India,south-asia},
  Owner                    = {andrew},
  Shorttitle               = {South Asia},
  Timestamp                = {2016.05.20}
}

@Reference{Garland:WorldMusic,
  Title                    = {The Garland Encyclopedia of World Music},
  Editor                   = {Nettl, Bruno and Stone, Ruth M.},
  Year                     = {1998--2002},
  Location                 = {New York},
  Publisher                = {Garland},

  Keywords                 = {2}
}

@Incollection{Gaylord:Poetry,
  Title                    = {The Making of Baroque Poetry},
  Author                   = {Gaylord, Mary Malcolm},
  Pages                    = {222-237},

  Crossref                 = {Cambridge:SpanishLit},
  Keywords                 = {2}
}

@Incollection{Gembero:Moxos,
  Title                    = {Enlightened Reformism versus Jesuit Utopia: Music in the Foundation of El Carmen de Guarayos \mkbibparens{Moxos, Bolivia}, 1793--1801},
  Author                   = {Gembero-Ustárroz, María},
  Pages                    = {230--245},

  Crossref                 = {BakerKnighton:MusicUrbanSociety},
  Keywords                 = {Enlightenment,cultural-exchange,conversion,missions,Bolivia,Jesuits,city},
  Owner                    = {andrew},
  Shorttitle               = {Enlightened Reformism versus Jesuit Utopia},
  Timestamp                = {2016.05.23}
}

@Incollection{Gembero:Padilla,
  Title                    = {Muy amigo de música: El obispo Juan de Palafox \mkbibparens{1600–1659} y su entorno musical en el Virreinato de Nueva España},
  Author                   = {Gembero-Ustárroz, María},
  Pages                    = {55--130},

  Crossref                 = {Mauleon:PadillaPalafox},
  Keywords                 = {2},
  Langid                   = {spanish},
  Shorttitle               = {Muy amigo de música}
}

@Article{Goddu:Copernicus-Mereological,
    author={Goddu, André},
    title={Copernicus's Mereological Vision of the Universe},
    journal={Early Science and Medicine},
    volume={14},
    year=2009,
    pages={316--339},
    keywords={astronomy, astrology, philosophy, Copernicus, history-of-science,
        part-and-whole}
}

@Book{Godwin:KircherTheater,
  Title                    = {Athanasius Kircher's Theater of the World: The Life and Work of the Last Man to Search for Universal Knowledge},
  Author                   = {Godwin, Joscelyn},
  Year                     = {2009},
  Location                 = {Rochester, VT},
  Publisher                = {Inner Traditions},

  Keywords                 = {Kircher,early-modern,history-of-science,music-theory,17C},
  Owner                    = {andrew},
  Shorttitle               = {Athanasius Kircher's Theater of the World},
  Timestamp                = {2017.01.13}
}

@Article{Goldberg:SonidosNegros,
  Title                    = {Sonidos Negros: On the Blackness of Flamenco},
  Author                   = {Goldberg, K. Meira},
  Journaltitle             = {Dance Chronicle},
  Year                     = {2014},
  Pages                    = {85--113},
  Volume                   = {37},

  Keywords                 = {villancico,ethnic-villancico,black-music,dance,flamenco},
  Owner                    = {andrew},
  Shorttitle               = {Sonidos Negros},
  Timestamp                = {2016.03.22}
}

@Thesis{Goldman:Responsory,
  Title                    = {The Matins Responsory at Mexico City Cathedral, 1575--1815},
  Author                   = {Goldman, Dianne Lehmann},
  Institution              = {Northwestern University},
  Type                     = {PhD diss.},
  Year                     = {2014},

  Keywords                 = {2}
}

@Incollection{Goldman:StileAntico,
  Title                    = {Between \mkbibemph{stile antico} and \mkbibemph{galant}: 
An Authorship Complex of Eighteenth-Century Responsories 
for the \mkbibemph{Santísima Trinidad} at Mexico City Cathedral},
  Author                   = {Goldman, Dianne Lehmann},
  Editor                   = {Libin, Kathryn},
  Year                     = {2015},
  Location                 = {Ann Arbor, MI},
  Pages                    = {1--17},
  Publisher                = {Steglein Publishing},

  Keywords                 = {Mexico-City,17C,18C,authorship,quotation,homage,responsory,liturgical},
  Owner                    = {andrew},
  Timestamp                = {2018.05.09},
  booktitle                = {Haydn and His Contemporaries II}
}

@Book{Golijov:Pasion,
  Title                    = {La pasión según San Marcos},
  Author                   = {Golijov, Osvaldo},
  Year                     = {2002},
  Location                 = {New York},
  Publisher                = {Ytalianna Music Publishing/Hendon Music/Boosey \& Hawkes},

  Keywords                 = {2,scores},
  Langid                   = {spanish}
}

@Inbook{Gomez-Mauleon:CapillasDeIndios,
  Title                    = {Un acercamiento a las capillas musicales en los pueblos indios del obispado de Puebla-Tlaxcala, siglos XVI--XVIII},
  Author                   = {Gómez García, Lidia E. and Mauleón Rodríguez, Gustavo},
  Pages                    = {175--202},

  Crossref                 = {Navarrete:RitualSonoro},
  Keywords                 = {Puebla,Mexico,Indians,Native-Americans},
  Langid                   = {spanish},
  Owner                    = {andrew},
  Shorttitle               = {Un acercamiento a las capillas musicales en los pueblos indios},
  Timestamp                = {2016.02.29}
}

@Book{Gomez:Anales-barrio-SanJuan,
    editor={Gómez García, Lidia E. and Salazar Exaire, Celia and 
        Stefanón López, María Elena},
    title={Anales del barrio de San Juan del Río:
        Crónica indígena de la ciudad de Puebla, siglo XVII,
        Transcripción y traducción en el siglo XVIII por
            Don Joaquín Alexo Meabe},
    shorttitle={Anales del barrio de San Juan del Río},
    location={Puebla},
    publisher={Benemérita Universidad Autónoma de Puebla},
    year=2000,
    keywords={Puebla, indigenous, native}
}

@Article{GonzalezValle:CompasCabezon,
  Title                    = {El \mkbibemph{compás} en la época del \mkbibemph{Compendio de mvsica} de Hernando de Cabezón},
  Author                   = {González Valle, José Vicente},
  Journaltitle             = {Anuario musical},
  Year                     = {2014},
  Pages                    = {119--158},
  Volume                   = {69},

  Keywords                 = {meter,rhythm,spanish-music,Cabezon},
  Langid                   = {spanish},
  Owner                    = {andrew},
  Shorttitle               = {El \mkbibemph{compás}},
  Timestamp                = {2016.03.22}
}

@Article{GonzalezValle:MusicaTexto,
  Title                    = {Relación música/texto en la composición musical en castellano del s. XVII: Nueva estructura rítmica de la música española},
  Author                   = {González Valle, José Vicente},
  Journaltitle             = {Anuario musical},
  Year                     = {1992},
  Pages                    = {103--132},
  Volume                   = {47},

  Keywords                 = {villancico,rhythm,theory},
  Langid                   = {spanish},
  Owner                    = {andrew},
  Shorttitle               = {Relación música/texto},
  Timestamp                = {2016.03.21}
}

@Article{Goodman:IndianPsalmody,
  Title                    = {\mkbibquote{But They Differ from Us in Sound}: Indian Psalmody and the Soundscape of Colonialism, 1651--75},
  Author                   = {Goodman, Glenda},
  Journaltitle             = {The William and Mary Quarterly},
  Year                     = {2012},
  Number                   = {4},
  Pages                    = {793--822},
  Volume                   = {69},

  Owner                    = {andrew},
  Shorttitle               = {\mkbibquote{But They Differ from Us in Sound}},
  Timestamp                = {2016.05.23}
}

@Article{Goodman:Tears,
  Title                    = {\mkbibquote{The Tears I Shed at the Songs of Thy Church}: Seventeenth-Century Musical Piety in the English Atlantic World},
  Author                   = {Goodman, Glenda},
  Journaltitle             = {Journal of the American Musicological Society},
  Year                     = {2012},
  Number                   = {3},
  Pages                    = {691--726},
  Volume                   = {65},

  Keywords                 = {psalmody,early-USA,american-music,puritans,reformed,worship,piety,feelings,transatlantic},
  Owner                    = {andrew},
  Shorttitle               = {\mkbibquote{The Tears I Shed}},
  Timestamp                = {2016.05.23}
}

@Book{Gorman:CruciformGod,
  Title                    = {Inhabiting the Cruciform God: Kenosis, Justification, andTheosis in Paul's Narrative Soteriology},
  Author                   = {Gorman, Michael J.},
  Year                     = {2009},
  Location                 = {Grand Rapids, MI},
  Publisher                = {Eerdmans},

  Keywords                 = {2}
}

@Incollection{Gouk:Harmonics,
  Title                    = {The Role of Harmonics in the Scientific Revolution},
  Author                   = {Gouk, Penelope},
  crossref={Cambridge:HistoryofTheory},
  Pages                    = {223--245},
  Keywords                 = {2}
}

@Book{Gouk:MusicScienceMagic,
  Title                    = {Music, Science, and Natural Magic in Seventeenth-Century England},
  Author                   = {Gouk, Penelope},
  Year                     = {1999},
  Location                 = {New Haven},
  Publisher                = {Yale University Press},

  Keywords                 = {2}
}

@Book{Gouk:RepresentingEmotions,
  Title                    = {Representing Emotions: New Connections in the Histories of Art, Music, and Medicine},
  Author                   = {Gouk, Penelope and Hills, Hellen},
  Year                     = {2005},
  Publisher                = {Ashgate},

  Keywords                 = {2}
}

@Incollection{Gouk:Sciences,
  Title                    = {Music and the Sciences},
  Author                   = {Gouk, Penelope},
  crossref = {Cambridge:Music17C},
  Pages                    = {132--157},
  Keywords                 = {2}
}

@Book{Gracian:Ingenio,
  Title                    = {Agudeza y arte de ingenio, en qve se explican todos los modos y diferencias de concetos, con exemplares escogidos de todo lo mas bien dicho, assi sacro, como humano},
  Author                   = {Gracián, Baltasar},
  Year                     = {1669},
  Location                 = {Antwerp},

  Keywords                 = {primary, 1-literary},
  Langid                   = {spanish},
  Shorttitle               = {Agudeza y arte de ingenio}
}

@Book{Gratian:Digest,
  Title                    = {Decreta scriptorum ecclesiasticorum, conciliorvm, et 
 romanorum pontificvm / Dn. Gratiani opera congesta; suasque 
in classes distributa: \& succinctis Antonij Democharis 
ooaratítlois illustrata [sic in catalog]},
  Author                   = {Gratian},
  Year                     = {1555},
  Editor                   = {Democharus, Antonius?},
  Location                 = {London},
  Note                     = {MEX-Ppx: BV710 G7,
\mkbibemph{ex libris} \mkbibquote{Francisco de Madrid}},

  __markedentry            = {[andrew:6]},
  Keywords                 = {primary, compendia, 1},
  Langid                   = {latin},
  Owner                    = {andrew},
  Timestamp                = {2016.09.15}
}

@Incollection{Greer:Retiro,
  Title                    = {Los dos cuerpos del rey en Calderón: \mkbibemph{El nuevo palacio del Retiro} y \mkbibemph{El mayor encanto, amor}},
  Author                   = {Greer, Margaret},
  Booktitle                = {El teatro clásico español a través de sus monarcas},
  Editor                   = {García Lorenzo, Luciano},
  Year                     = {2006},
  Location                 = {Madrid},
  Pages                    = {181--202},
  Publisher                = {Fundamentos},

  Keywords                 = {2},
  Langid                   = {spanish}
}

@Book{Grimes:Beginnings,
  Title                    = {Beginnings in Ritual Studies},
  Author                   = {Grimes, Ronald L.},
  Year                     = 2013,
  edition={3rd ed.},
  location={Waterloo, Canada},
  publisher = {Ritual Studies International},
  url={http://ronaldlgrimes.twohornedbull.ca/publications/books},
  annote={First ed., Washington, DC: University Press of America, 1982;
      2nd ed., Columbia, SC: University of South Carolina Press, 1995},
  keywords={ritual-studies}
}

@Reference{Grove,
  Title                    = {Grove Music Online [Grove]},
  Year                     = {\the\year},
  Location                 = {Oxford},
  Publisher                = {Oxford University Press},
  Series                   = {Oxford Music Online},

  Shorttitle               = {Grove},
  Sortyear                 = {2019}
}

@InReference{Grove:Cakewalk,
    title={Grove Music Online},
    author={Conyers, Claude},
    lista={Cakewalk},
    options={skipbib}
}

@Inreference{Grove:Ruiz,
  Title                    = {Grove Music Online},
  Author                   = {Stevenson, Robert},

  Lista                    = {Ruíz, Matías},
  Options                  = {skipbib},
  Owner                    = {andrew},
  Timestamp                = {2018.02.16}
}

@Incollection{Grove:Vihuela,
  Title                    = {Grove Music Online},
  Author                   = {Poulton, Diana and Corona Alcalde, Antonio},

  Keywords                 = {2},
  Lista                    = {Vihuela},
  Options                  = {skipbib}
}

@Reference{GroveArt,
  Title                    = {Grove Art Online, Oxford Art Online},

  Owner                    = {andrew},
  Shorttitle               = {Grove Art},
  Timestamp                = {2017.01.13}
}

@InCollection{Gruzinski:AshesDesire,
    author={Gruzinski, Serge},
    translator={López-Calvo, Ignacio},
    title={The Ashes of Desire: Homosexuality in Mid-Seventeenth-Century New
        Spain},
    shorttitle={The Ashes of Desire},
    booktitle={Infamous Desire: Male Homosexuality in Colonial Latin America},
    editor={Sigal, Pete},
    location={Chicago},
    publisher={University of Chicago Press},
    year=2003,
    pages={197--214},
    keywords={new-spain,sexuality,homosexuality,17C}
}

@Book{Hamnett:ConciseHistoryMexico,
  Title                    = {A Concise History of Mexico},
  Author                   = {Hamnett, Brian R.},
  Year                     = {2006},
  Edition                  = {2nd ed.},
  Location                 = {Cambridge},
  Publisher                = {Cambridge University Press},

  Keywords                 = {Mexico,history},
  Owner                    = {andrew},
  Timestamp                = {2016.05.20}
}

@Book{Haraszti-Takacs:Genre,
  Title                    = {Spanish Genre Painting in the Seventeenth Century},
  Author                   = {Haraszti-Takács, Marianna},
  Year                     = {1983},
  Location                 = {Budapest},
  Publisher                = {Akadémiai Kiadó},

  Keywords                 = {2}
}

@Article{Harran:Cautionary1,
  Title                    = {New Evidence for Musica Ficta: The Cautionary Sign},
  Author                   = {Harrán, Don},
  Journaltitle             = {Journal of the American Musicological Society},
  Year                     = {1976},
  Number                   = {1},
  Pages                    = {77--98},
  Volume                   = {29},

  Keywords                 = {2}
}

@Article{Harran:Cautionary2,
  Title                    = {More Evidence for Cautionary Signs},
  Author                   = {Harrán, Don},
  Journaltitle             = {Journal of the American Musicological Society},
  Year                     = {1978},
  Number                   = {3},
  Pages                    = {490--494},
  Volume                   = {31},

  Keywords                 = {2}
}

@Incollection{Hathaway:Charms,
  Title                    = {\mkbibquote{Music Charms the Senses.~.~.}: Devotional Music in the \mkbibemph{Triunfos festivos} of San Ginés, Madrid, 1656},
  Author                   = {Hathaway, Janet},
  Pages                    = {219--230},

  Crossref                 = {Knighton-Torrente:VCs},
  Keywords                 = {2}
}

@Article{Hausberger:Arrieros,
    title={En el camino: En busca de los arrieros novohispanos},
    author={Hausberger, Bernd},
    journaltitle={Historia Mexicana},
    volume=64,
    number=1,
    year=2014,
    pages={65--104},
    keywords={colonial Mexico, arrieros}
}

@Book{Heller:BaroqueAnthology,
  Title                    = {Anthology for Music in the Baroque},
  Author                   = {Heller, Wendy},
  Year                     = {2014},
  Location                 = {New York},
  Publisher                = {Norton},

  Keywords                 = {primary,anthology}
}

@Book{Heller:BaroqueText,
  Title                    = {Music in the Baroque},
  Author                   = {Heller, Wendy},
  Year                     = {2014},
  Location                 = {New York},
  Publisher                = {Norton},

  Keywords                 = {2,textbook}
}

@Book{Herrera:Agricultura,
  Title                    = {Libro de Agricultura, que tracta de labrança y criança, y de muchas otras particularidades y prouechos del campo},
  Author                   = {Herrera, Gabriel Alonso de},
  Year                     = {1569},
  Location                 = {Medina del Campo},

  Keywords                 = {primary},
  Langid                   = {spanish},
  Shorttitle               = {Libro de Agricultura}
}

@Book{Hill:Baroque,
  Title                    = {Baroque Music: Music in Western Europe, 1580--1750},
  Author                   = {Hill, John Walter},
  Year                     = {2005},
  Location                 = {New York},
  Publisher                = {Norton},

  Keywords                 = {2}
}

@Article{Hill:DontKnow,
    author={Hill, John Walter},
    title={A Small Selection from among the Many Things that I Still Do Not Know
        about Baroque Music},
    journaltitle={Journal of Music History Pedagogy},
    volume=1,
    number=2,
    year=2011,
    pages={113--33},
    keywords={baroque,villancico}
}

@Book{Hinson:Fire,
  Title                    = {Fire in My Bones: Transcendence and the Holy Spirit in African American Gospel},
  Author                   = {Hinson, Glenn},
  Year                     = {2000},
  Location                 = {Philadelphia},
  Publisher                = {University of Pennsylvania Press},

  Keywords                 = {2}
}

@Article{Hirschberg:IllustrationsAfricanMusic,
  Title                    = {Early Historical Illustrations of West and Central African Music},
  Author                   = {Hirschberg, Walter},
  Journaltitle             = {African Music},
  Year                     = {1969},
  Number                   = {3},
  Pages                    = {6--18},
  Volume                   = {4},

  Keywords                 = {2},
  Shorttitle               = {Early Historical Illustrations}
}

@Book{HistoriaMusicaPuebla,
  Title                    = {Historia de la Música en Puebla},
  Year                     = {2010},
  Location                 = {Puebla},
  Publisher                = {Secretaría de Cultura del Estado de Puebla, Dirección de Música},

  Keywords                 = {Puebla,Mexico,colonial-music},
  Langid                   = {spanish},
  Owner                    = {andrew},
  Timestamp                = {2016.03.22}
}

@Book{Hollander:Untuning,
  Title                    = {The Untuning of the Sky: Ideas of Music in English Poetry 1500--1700},
  Author                   = {Hollander, John},
  Year                     = {1961},
  Location                 = {Princeton},
  Publisher                = {Princeton University Press},

  Keywords                 = {2,shortlist},
  Shorttitle               = {The Untuning of the Sky}
}

@Book{Hopkins:Poems,
  Title                    = {Poems of Gerard Manley Hopkins},
  Author                   = {Hopkins, Gerard Manley},
  Year                     = {1948},
  Editor                   = {Bridges, Robert and Gardner, W. H.},
  Location                 = {New York},
  Publisher                = {Oxford University Press},

  Keywords                 = {2}
}

@Inreference{Hudson:SolerF,
  Title                    = {Grove Music Online},
  Author                   = {Hudson, Barton},

  Keywords                 = {2},
  Lista                    = {Soler, Francisco},
  Options                  = {skipbib}
}

@Article{Hurtado:Padilla,
  Title                    = {Juan Gutiérrez de Padilla: El insigne maestro de la catedral de Puebla de los Ángeles \mkbibparens{Málaga, c. 1590; Puebla de los Ángeles, 8-IV-1664}},
  Author                   = {Hurtado, Nelson},
  Journaltitle             = {Heterofonía},
  Year                     = {2008},
  Pages                    = {29--67},
  Volume                   = {138--139},

  Keywords                 = {2,shortlist},
  Langid                   = {spanish},
  Shorttitle               = {Juan Gutiérrez de Padilla}
}

@Thesis{Illari:Polychoral,
  Title                    = {Polychoral Culture: Cathedral Music in La Plata \mkbibparens{Bolivia}, 1680–1730},
  Author                   = {Illari, Bernardo},
  Institution              = {University of Chicago},
  Type                     = {PhD diss.},
  Year                     = {2001},

  Keywords                 = {2,shortlist,villancico-studies},
  Shorttitle               = {Polychoral Culture}
}

@Incollection{Illari:Popular,
  Title                    = {The Popular, the Sacred, the Colonial and the Local: The Performance of Identities in the Villancicos from Sucre \mkbibparens{Bolivia}},
  Author                   = {Illari, Bernardo},
  Pages                    = {409--440},

  Crossref                 = {Knighton-Torrente:VCs},
  Keywords                 = {2,shortlist},
  Shorttitle               = {The Popular, the Sacred, the Colonial and the Local}
}

@Thesis{Ingalls:Awesome,
  Title                    = {Awesome in This Place: Sound, Space, and Identity in Contemporary North American Evangelical Worship},
  Author                   = {Ingalls, Monique Marie},
  Institution              = {University of Pennsylvania},
  Type                     = {PhD diss.},
  Year                     = {2008},

  Keywords                 = {2}
}

@Book{Ingalls:SingingCongregation,
    author={Ingalls, Monique Marie},
    title={Singing the Congregation: How Contemporary Worship Music Forms
        Evangelical Community},
    shorttitle={Singing the Congregation},
    location={New York},
    publisher={Oxford University Press},
    year=2018,
    keywords={worship,ritual,evangelical,us, 21C, 20C, popular music, popular
        religion}
}
@Book{Butler:IslandGospel,
    author={Butler, Melvin L.},
    title={Island Gospel: Pentecostal Music and Identity in Jamaica and the
        United States},
    shorttitle={Island Gospel},
    location={Champaign, IL},
    publisher={University of Illinois Press},
    year=2019,
    keywords={worship,ritual,evangelical,charismatic,pentecostal,us,jamaica,21C,popular
        music, popular religion}
}


@Book{Irving:Colonial,
  Title                    = {Colonial Counterpoint: Music in Early Modern Manila},
  Author                   = {Irving, David},
  Year                     = {2010},
  Location                 = {Oxford},
  Publisher                = {Oxford University Press},

  Keywords                 = {2,shortlist},
  Shorttitle               = {Colonial Counterpoint}
}

@Article{Irwin:LexOrandi,
  Title                    = {Lex orandi, lex credendi: Origins and Meaning; State of the Question},
  Author                   = {Irwin, Kevin W.},
  Journaltitle             = {Liturgical Ministry},
  Year                     = {2002},
  Pages                    = {57--69},
  Volume                   = {11},

  Keywords                 = {2}
}

@Book{Irwin:VoiceHeart,
  Title                    = {Neither Voice Nor Heart Alone: German Lutheran Theology of Music in the Age of the Baroque},
  Author                   = {Irwin, Joyce},
  Year                     = {1993},
  Location                 = {New York},
  Publisher                = {P. Lang},

  Keywords                 = {2}
}

@Book{Isichei:AfricanSocietiesI,
  Title                    = {A History of African Societies to 1870},
  Author                   = {Isichei, Elizabeth},
  Year                     = {1997},
  Location                 = {Cambridge},
  Publisher                = {Cambridge University Press},

  Keywords                 = {Africa,history,anthropology},
  Owner                    = {andrew},
  Shorttitle               = {A History of African Societies},
  Timestamp                = {2016.03.25}
}

@Article{Jacobson:BuxtehudeRhetoric,
    author={Jacobson, Lena},
    title={Musical Rhetoric in Buxtehude's Free Organ Works},
    journal={The Organ Yearbook},
    volume={13},
    pages={60--79},
    keywords={Buxtehude,17C,german-music,organ,improvisation,rhetoric}
}

@Book{JohnIV:Catalog,
  Title                    = {Primeira parte do index da livraria de mvsica do mvyto alto, e poderoso rey Dom João o IV. nosso senhor},
  shorttitle={Primeira parte do index da livraria de mvsica},
  Year                     = {1649},
  Editor                   = {Craesbeck, Paulo},
  Location                 = {[Lisbon?]},

  Keywords                 = {primary},
  Langid                   = {portuguese}
}

@Collection{Johnson:MemoryHope,
  Title                    = {Between Memory and Hope: Readings on the Liturgical Year},
  Editor                   = {Johnson, Maxwell E.},
  Year                     = {2000},
  Location                 = {Collegeville, MN},
  Publisher                = {The Liturgical Press},

  Keywords                 = {2},
  Shorttitle               = {Between Memory and Hope}
}


@Book{Johnston:AustrianMind,
  Title                    = {The Austrian Mind: An Intellectual and Social History, 1848--1938},
  Author                   = {Johnston, William M.},
  Year                     = {1972},
  Location                 = {Berkeley},
  Publisher                = {University of California Press},

  Keywords                 = {Austria,fin-de-siecle, 19C,20C, death, intellectual-history},
  Owner                    = {andrew},
  Shorttitle               = {The Austrian Mind},
  Timestamp                = {2016.08.04}
}

@Article{Johnston:Rhetorical,
  Title                    = {Rhetorical Personification of the Dead in 17th-Century German Funeral Music: Heinrich Schutz's \mkbibemph{Musikalische Exequien} \mkbibparens{1636} and Three Works by Michael Wiedemann \mkbibparens{1693}},
  Author                   = {Johnston, Gregory S.},
  Journaltitle             = {The Journal of Musicology},
  Year                     = {1991},
  Number                   = {2},
  Pages                    = {186-213},
  Volume                   = {9},

  Keywords                 = {2}
}

@Unpublished{Johnston:Laterality,
    author={Johnston, Gregory},
    title={Laterality in the Aural and Visual Cultures of Early-Modern
        Germany},
    year=2019,
    note={Paper presented at the annual meeting of the American Musicological
        Society, Boston, MA, Nov. 1},
    keywords={secondary}
}


@Bookinbook{JuandelaCruz:Llama,
  Title                    = {Llama de amor viva},
  Pages                    = {771--874},

  Crossref                 = {JuandelaCruz:Obras},
  Keywords                 = {primary},
  Langid                   = {spanish}
}

@Book{JuandelaCruz:Obras,
  Title                    = {Obras completas},
  Author                   = {Juan de la Cruz, San},
  Year                     = {2009},
  Edition                  = {6},
  Editor                   = {Vicente Rodríguez, José and Ruiz Salvador, Federico},
  Location                 = {Madrid},
  Publisher                = {Editorial de Espiritualidad},

  Keywords                 = {primary},
  Langid                   = {spanish}
}

@Inbook{JuandelaCruz:Subida,
  Title                    = {Subida del monte Carmelo},
  Author                   = {Juan de la Cruz, San},
  Pages                    = {151--432},

  Crossref                 = {JuandelaCruz:Obras},
  Langid                   = {spanish},
  Owner                    = {andrew},
  Timestamp                = {2016.12.19},
  keywords={primary}
}

@Incollection{Judd:RenaissanceModalTheory,
  Title                    = {Renaissance Modal Theory: Theoretical, Compositional, and Editorial Perspectives},
  Author                   = {Judd, Cristle Collins},
  Pages                    = {364--406},

  Crossref                 = {Cambridge:HistoryofTheory},
  Keywords                 = {2}
}

@Book{Kamen:EarlyModernSociety,
  Title                    = {Early Modern European Society},
  Author                   = {Kamen, Henry},
  Year                     = {2000},
  Location                 = {New York},
  Publisher                = {Routledge},

  Keywords                 = {social-history,anthropology,Europe,early-modern,sociology,popular-culture},
  Owner                    = {andrew},
  Timestamp                = {2017.01.13}
}

@Book{Kannengiesser:PatristicExegesis,
  Title                    = {Handbook of Patristic Exegesis: The Bible in Ancient Christianity},
  Author                   = {Kannengiesser, Charles},
  Year                     = {2004},
  Location                 = {Leiden},
  Publisher                = {Brill},

  Keywords                 = {2}
}

@Book{Kaplan:BlackMagus,
  Title                    = {The Rise of the Black Magus in Western Art},
  Author                   = {Kaplan, Paul H. D.},
  Year                     = {1985},
  Location                 = {Ann Arbor, MI},
  Publisher                = {UMI Research Press},

  Keywords                 = {Christmas,art,black-king},
  Owner                    = {andrew},
  Timestamp                = {2016.03.22}
}

@Article{Kassell:History-Astrology,
    author={Kassell, Lauren},
    title={Stars, Spirits, Signs: Toward a History of Astrology 1100--1800},
    shorttitle={Stars, Spirits, Signs},
    journal={Studies in History and Philosophy of Biological and Biomedical
        Sciences},
    volume={41},
    year=2010,
    pages={67--69},
    keywords={astrology, history-of-science}
}

@Book{Kavanagh:LiturgicalTheology,
  Title                    = {On Liturgical Theology},
  Author                   = {Kavanagh, Aidan},
  Year                     = {1984},
  Location                 = {New York},
  Publisher                = {Pueblo},

  Keywords                 = {2}
}

@Book{Kendrick:Jeremiah,
  Title                    = {Singing Jeremiah: Music and Meaning in Holy Week},
  Author                   = {Kendrick, Robert L.},
  Year                     = {2014},
  Location                 = {Bloomington, IN},
  Publisher                = {Indiana University Press},

  Keywords                 = {2}
}

@Incollection{Kendrick:SacredSongs,
  Title                    = {Devotion, Piety, and Commemoration: Sacred Songs and Oratorios},
  Author                   = {Kendrick, Robert L.},
  Pages                    = {324--377},

  Crossref                 = {Cambridge:Music17C},
  Keywords                 = {2,devotional-music,villancico-studies}
}

@Article{Kendrick:Strozzi,
  Title                    = {Intent and Intertextuality in Barbara Strozzi's Sacred Music},
  Author                   = {Kendrick, Robert L.},
  Journaltitle             = {Recercare},
  Year                     = {2002},
  Volume                   = {14},

  Keywords                 = {2}
}

@Book{Kircher:Musurgia,
  Title                    = {Mvsvrgia vniversalis, sive Ars magna consoni et dissoni in X. libros digesta},
  Author                   = {Kircher, Athanasius},
  Year                     = {1650},
  Location                 = {Rome},

  Keywords                 = {primary, 1-theory,shortlist},
  Langid                   = {latin},
  Shorttitle               = {Musurgia universalis}
}

@Book{Knepler:Geschichte,
  Title                    = {Geschichte als Weg zum Musikverständnis},
  Author                   = {Knepler, Georg},
  Year                     = {1977},
  Location                 = {Leipzig},
  Publisher                = {Reclam},

  Langid                   = {german},
  Owner                    = {andrew},
  Timestamp                = {2016.10.31}
}

@InCollection{Knighton:Mysticism,
    title={\mkbibquote{Through a Glass Darkly}: Music and Mysticism in Golden
        Age Spain},
    author={Knighton, Tess},
    booktitle={A Companion to Hispanic Mysticism},
    editor={Kallendorf, Hilaire},
    location={Leiden},
    publisher={Brill},
    year=2010,
    pages={411--436},
    keywords={secondary}
}

@Collection{Knighton-Torrente:VCs,
  Title                    = {Devotional Music in the Iberian World, 1450--1800: The Villancico and Related Genres},
  Editor                   = {Knighton, Tess and Torrente, Álvaro},
  Year                     = {2007},
  Location                 = {Aldershot, UK},
  Publisher                = {Ashgate},

  Keywords                 = {2,shortlist,villancico-studies},
  Shorttitle               = {Devotional Music in the Iberian World}
}

@Incollection{Knighton:MusicRitualLima,
  Title                    = {Music and Ritual in Urban Spaces: The Case of Lima, \mkbibemph{c.}1600},
  Author                   = {Knighton, Tess},
  Pages                    = {21--42},

  Crossref                 = {BakerKnighton:MusicUrbanSociety},
  Keywords                 = {city,ritual,colonial,Lima,Peru},
  Owner                    = {andrew},
  Shorttitle               = {Music and Ritual in Urban Spaces},
  Timestamp                = {2016.05.23}
}

@Incollection{Knighton:Song,
  Title                    = {Song Migrations: The Case of Adoramoste, Senior},
  Author                   = {Knighton, Tess},
  Booktitle                = {Devotional Music in the Iberian World, 1450--1800},
  Pages                    = {52--76},

  Crossref                 = {Knighton-Torrente:VCs},
  Keywords                 = {2}
}

@Inreference{Koegel:Padilla,
  Title                    = {Grove Music Online},
  Author                   = {Koegel, John},

  Keywords                 = {2},
  Lista                    = {Padilla, Juan Gutiérrez de},
  Options                  = {skipbib}
}

@Inreference{Koegel:Salazar,
  Title                    = {Grove Music Online},
  Author                   = {Koegel, John},

  Keywords                 = {2},
  Lista                    = {Salazar, Antonio de},
  Options                  = {skipbib}
}

@Collection{Koen:MedicalEthnomusicology,
  Title                    = {The Oxford Handbook of Medical Ethnomusicology},
  Editor                   = {Koen, Benjamin D.},
  Year                     = {2008},
  Location                 = {Oxford},
  Publisher                = {Oxford University Press},

  Keywords                 = {2}
}

@Book{Kubik:AngolanTraits,
  Title                    = {Angolan Traits in Black Music, Games and Dances of Brazil: A Study of African Cultural Extensions Overseas},
  Author                   = {Kubik, Gerhard},
  Year                     = {1979},
  Location                 = {Lisbon},
  Publisher                = {Junta de Investigações Científicas do Ultramar},

  Keywords                 = {African-music,Brazil,Angola,Africa,dance,rhythm},
  Owner                    = {andrew},
  Shorttitle               = {Angolan Traits},
  Timestamp                = {2016.03.22}
}

@Inbook{Laird:CatholicChurchMusic18C,
  Title                    = {Catholic Church Music in Italy, and the Spanish and Portuguese Empires},
  Author                   = {Laird, Paul R.},
  Booktitle                = {The Cambridge History of Eighteenth-Century Music},
  Year                     = {2009},
  Editor                   = {Keefe, Simon P.},
  Location                 = {Cambridge},
  Publisher                = {Cambridge University Press},

  Keywords                 = {Spain,Spanish-Empire,18C,Italy,Portugal,Portuguese-Empire,Catholic-music,villancico,cantada,oratorio,mass,motet,villancico-studies},
  Owner                    = {andrew},
  Shorttitle               = {Catholic Church Music},
  Timestamp                = {2017.10.20}
}

@Book{Laird:VC,
  Title                    = {Towards a History of the Spanish Villancico},
  Author                   = {Laird, Paul R.},
  Year                     = {1997},
  Location                 = {Warren, MI},
  Publisher                = {Harmonie Park Press},

  Keywords                 = {2,shortlist,villancico-studies}
}

@Book{LaMarche:Memoires,
  Title                    = {Mémoires d'Olivier de la Marche},
  Author                   = {La Marche, Olivier de},
  Year                     = {1888},
  Location                 = {Paris},
  Publisher                = {Librairie Renouard},
  Volume                   = {2},

  Keywords                 = {primary},
  Langid                   = {french}
}

@Book{Lang:AristotleMedieval,
  Title                    = {Aristotle's Physics and Its Medieval Varieties},
  Author                   = {Lang, Helen S.},
  Year                     = {1992},
  Location                 = {Albany},
  Publisher                = {State University of New York Press},

  Keywords                 = {2}
}

@Article{Lanuza:Astrology-Valencia,
    author={Lanuza Navarro, Tayra M. C.},
    title={From Intense Teaching to Neglect: The Decline of Astrology at the
        University of Valencia and the Role of the Spanish
            \mkbibemph{Novatores}},
    shorttitle={From Intense Teaching to Neglect},
    journal={Early Science and Medicine},
    volume={22},
    year=2017,
    pages={410--437},
    keywords={astrology,history-of-science,Valencia,universities,education,Catalonia,17C,
        18C}
}

@Article{Lanuza:Updating-Astrology,
    author={Lanuza Navarro, Tayra M. C.},
    title={Adapting Traditional Ideas for a New Reality: Cosmographers and
        Physicians Updating Astrology to Encompass the New World},
    shorttitle={Adapting Traditional Ideas for a New Reality},
    journal={Early Science and Medicine},
    volume={21},
    year=2016,
    pages={156--181},
    keywords={astrology,history-of-science,new-world}
}

@Bookinbook{Lapide:1Samuel,
  Author                   = {Lapide, Cornelius à},
  Booktitle                = {Commentaria en Librum Primum Samuelis sive Regum},
  Year                     = {1891},
  Editor                   = {Peronne, J. M.},
  Location                 = {Paris},
  Maintitle                = {Comentaria in scripturam sacram},
  Volume                   = {3},
keywords={primary},
  Langid                   = {latin}
}

@Book{Lapide:Apocalypse1627,
  Title                    = {Commentaria in Acta Apostolorum Epistolas Canonicas et Apocalypsin},
  Author                   = {Lapide, Cornelius à},
  Year                     = {1627},
  Location                 = {Antwerp},

  Keywords                 = {primary},
  Langid                   = {latin}
}

@Book{Lapide:Commentaria19C,
  Title                    = {Commentaria in scripturam sacram},
  Author                   = {Lapide, Cornelius à},
  Year                     = {1868},
  Location                 = {London},
  Publisher                = {J. P. Pelagaud},

  Keywords                 = {primary},
  Langid                   = {latin}
}

@Book{Lapide:Gospels17C,
  Title                    = {Commentarium in IV. Evangelia},
  Author                   = {Lapide, Cornelius à},
  Year                     = {1638},
  Location                 = {London},
  Note                     = {MEX:-Ppx: B2535 L3, \mkbibemph{ex libris} Colegio del Espíritu Santo},

  Keywords                 = {compendia, primary},
  Langid                   = {latin}
}

@Book{Lapide:Gospels19C,
  Title                    = {In Quatuor Evangelia},
  Author                   = {Lapide, Cornelius à},
  Year                     = {1868},
  Location                 = {London},
  Publisher                = {J. P. Pelagaud},
  Series                   = {Commentaria in scripturam sacram},

  Keywords                 = {primary},
  Langid                   = {latin}
}

@Book{Laplana:MontserratMuseu,
  Title                    = {Museu de Montserrat: La sorpresa de l'art},
  Author                   = {Laplana, Josep de C.},
  Year                     = {2011},
  Location                 = {Abadia de Montserrat},
  Publisher                = {Museu de Montserrat},

  Keywords                 = {2},
  Langid                   = {catalan},
  Shorttitle               = {Museu de Montserrat}
}

@Incollection{Lara:CatholicsHispanicAmerica,
  Title                    = {Roman Catholics in Hispanic America},
  Author                   = {Lara, Jaime},
  Pages                    = {633--650},

  Crossref                 = {OxfordHistoryChristianWorship},
  Keywords                 = {worship,liturgy,latin-america,spain,catholicism,cultural-exchange},
  Owner                    = {andrew},
  Timestamp                = {2016.05.20}
}

@Article{Latour:DiscipliningSong,
    author={Latour, Melinda},
    title={Disciplining Song in Sixteenth-Century Geneva},
    journaltitle={Journal of Musicology},
    volume=32,
    number=1,
    year=2015,
    pages={1--39},
    keywords={Calvinism, Geneva, song, discipline, Neoplatonism, society, 16C}
}

@Book{Lauer:Metrification,
  Title                    = {Spanish Metrification},
  Author                   = {Lauer, A. Robert},
  Year                     = {2002},
  Note                     = {Website, University of Oklahoma},
  Url                      = {http://faculty-staff.ou.edu/L/A-Robert.R.Lauer-1/METRIFICATION.html},

  Keywords                 = {2}
}

@Article{Lawergren:Lyres,
  Title                    = {Distinctions among Canaanite, Philistine, and Israelite Lyres, and Their Global Lyrical Contexts},
  Author                   = {Lawergren, Bo},
  Journaltitle             = {Bulletin of the American Schools of Oriental Research},
  Year                     = {1998},
  Number                   = {309},
  Pages                    = {41--68},

  Keywords                 = {2}
}

@Book{Lawrence-King:DancesCD,
  Title                    = {Spanish Dances: Selections from Ruiz de Ribayaz's \mkbibemph{Luz y norte}},
  Author                   = {Lawrence-King, Andrew},
  Year                     = {1995},
  Note                     = {(CD) The Harp Consort},
  Publisher                = {Deutsche Harmonia Mundi},

  Authortype               = {Director},
  Keywords                 = {2}
}

@Book{LeGuin:BoccheriniBody,
  Title                    = {Boccherini's Body: An Essay in Carnal Musicology},
  Author                   = {Le Guin, Elisabeth},
  Year                     = {2006},
  Location                 = {Berkeley},
  Publisher                = {University of California Press},

  Keywords                 = {2},
  Shorttitle               = {Boccherini's Body}
}

@Article{LeGuin:KnightonTorrenteReview,
  Title                    = {Review of Knighton and Torrente, eds., \mkbibemph{Devotional Music in the Iberian World}},
  Author                   = {Le Guin, Elisabeth},
  Journaltitle             = {Current Musicology},
  Year                     = {2009},
  Number                   = {87},
  Pages                    = {191--199},

  Keywords                 = {2}
}

@Book{LeGuin:Tonadilla,
  Title                    = {The Tonadilla in Performance: Lyric Comedy in Enlightenment Spain},
  Author                   = {LeGuin, Elisabeth},
  Year                     = {2014},
  Location                 = {Berkeley},
  Publisher                = {University of California Press},

  Keywords                 = {2,tonadilla,spain,spanish-music,18C,theater,performance},
  Owner                    = {andrew},
  Shorttitle               = {The Tonadilla in Performance},
  Timestamp                = {2016.08.26}
}

@Article{Lenhoff:ElementosIndigenas,
  Title                    = {Elementos indígenas y africanos en el villancico guatemalteco del siglo XVI},
  Author                   = {Lenhoff, Dieter},
  Journaltitle             = {Revista musical de Venezuela},
  Number                   = {30--31},
  Pages                    = {203--209},
  Volume                   = {12},

  Keywords                 = {villancico,Guatemala,black-music,indian-music,16C},
  Langid                   = {spanish},
  Owner                    = {andrew},
  Timestamp                = {2016.03.22}
}

@Book{Leo:SermonesPL,
  Title                    = {Sermones},
  Author                   = {{Leo I \mkbibparens{pope}}, Saint},
  Year                     = {1846},
  Editor                   = {Migne, J. P.},
  Location                 = {Paris},
  Number                   = {54},
  Publisher                = {Migne},
  Series                   = {Patrologia latina},

  Keywords                 = {primary},
  Langid                   = {latin},
  Shortauthor              = {{Leo I}}
}

@Book{LeonMarchante:Obras1733,
  Title                    = {Obras poeticas posthumas: Poesias sagradas, tomo segundo},
  Author                   = {León Marchante, Manuel de},
  Year                     = {1733},
  Location                 = {Madrid},

  Keywords                 = {primary,villancico-poetry-editions},
  Langid                   = {spanish}
}

@Incollection{Levine:NativeAmericanMusic,
  Title                    = {American Indian Musics, Past and Present},
  Author                   = {Levine, Victoria Lindsay},
  Pages                    = {1--29},

  Crossref                 = {Cambridge:American},
  Keywords                 = {native-american,USA},
  Owner                    = {andrew},
  Timestamp                = {2016.05.23}
}

@Article{Lindorff:KeyboardsChina,
  Title                    = {Missionaries, Keyboards, and Musical Exchange in the Ming and Qing Courts},
  Author                   = {Lindorff, Joyce},
  Journaltitle             = {Early Music},
  Year                     = {2004},
  Issue                    = {August},
  Pages                    = {403--414},

  Keywords                 = {China,keyboard-music,cultural-exchange,early-modern,missionaries},
  Owner                    = {andrew},
  Timestamp                = {2016.05.20}
}

@Book{Lipski:AfroHispanic,
  Title                    = {A History of Afro-Hispanic Language: Five Centuries, Five Continents},
  Author                   = {Lipski, John M.},
  Year                     = {2005},
  Location                 = {Cambridge},
  Publisher                = {Cambridge University Press},

  Keywords                 = {2},
  Shorttitle               = {A History of Afro-Hispanic Language}
}

@Book{Lomeli:Puebla,
  Title                    = {Breve historia de Puebla},
  Author                   = {Lomelí Vanegas, Leonardo},
  Year                     = {2001},
  Location                 = {Mexico City},
  Publisher                = {El Colegio de México},

  Keywords                 = {2},
  Langid                   = {spanish}
}

@Article{LopezCalo:IrizarLetters1,
  Title                    = {Corresponsales de Miguel de Irízar},
  Author                   = {López-Calo, José},
  Journaltitle             = {Anuario musical},
  Year                     = {1963},
  Number                   = {18},
  Pages                    = {197--222},

  Keywords                 = {2},
  Langid                   = {spanish}
}

@Book{LopezCalo:Segovia,
  Title                    = {La música en la Catedral de Segovia},
  Author                   = {López-Calo, José},
  Year                     = {1988},
  Location                 = {Segovia},
  Publisher                = {Diputación Provincial de Segovia},
  Volumes                  = {2},

  Keywords                 = {primary, catalog,shortlist},
  Langid                   = {spanish}
}

@Article{LopezLorenzo:VC-Sevillano,
  Title                    = {El villancico sevillano del siglo XVII \mkbibparens{1621--1700}},
  Author                   = {López Lorenzo, Cipriano},
  Journaltitle             = {Calíope},
  Year                     = {2016},
  Number                   = {2},
  Pages                    = {59--92},
  Volume                   = {21},

  Keywords                 = {villancico-studies,Spanish-literature,poetry,printing,Seville,17C},
  Langid                   = {spanish},
  Owner                    = {andrew},
  Timestamp                = {2017.04.11}
}

@Book{Lorente:Porque,
  Title                    = {El porqué de la música, en que se contiene los quatro artes de ella, canto llano, canto de organo, contrapvnto, y composicion},
  Author                   = {Lorente, Andrés},
  Year                     = {1672},
  Location                 = {Alcalá de Henares},

  Keywords                 = {primary, 1-theory,shortlist},
  Langid                   = {spanish},
  Shorttitle               = {El porqué de la música}
}

@Book{Lott:LoveTheft,
  Title                    = {Love and Theft: Blackface Minstrelsy and the American Working Class},
  Author                   = {Lott, Eric},
  Year                     = {2013},
  Edition                  = {20th anniversary edition},
  Location                 = {Oxford},
  Publisher                = {Oxford University Press},

  Keywords                 = {2,minstrelsy,race,USA,theater,class,african-americans,19C,20C},
  Owner                    = {andrew},
  Shorttitle               = {Love and Theft},
  Timestamp                = {2016.01.28}
}

@Collection{LoweEarle:BlackAfricansRenaissance,
    title={Black Africans in Renaissance Europe},
    editor={Lowe, Kate and Earle, Tom},
    location={Cambridge},
    publisher={Cambridge University Press},
    year=2005,
    keywords={secondary}
}

@Book{Lowe:PleasureSymphony,
  Title                    = {Pleasure and Meaning in the Classical Symphony},
  Author                   = {Lowe, Melanie},
  Year                     = {2007},
  Location                 = {Bloomington},
  Publisher                = {Indiana University Press},

  Keywords                 = {2}
}

@InCollection{Lowe:StereotypingBlackAfricans,
    author={Lowe, Kate},
    title={The Stereotyping of Black Africans in Renaissance Europe},
    booktitle={Black Africans in Renaissance Europe},
    editor={Earle, T. F. and Lowe, K. J. P.},
    location={Cambridge},
    publisher={Cambridge University Press},
    year=2005,
    pages={17--47},
    keywords={Africans, stereotyping, race}
}

@Book{LuisdeGranada-Balcells:SimboloPtI,
  Title                    = {Introducción del símbolo de la fe [Pt. 1]},
  Author                   = {Luis de Granada},
  Year                     = {1989},
  Editor                   = {Balcells, José María},
  Location                 = {Madrid},
  Publisher                = {Cátedra},

  Langid                   = {spanish},
  Owner                    = {andrew},
  Timestamp                = {2016.07.18},
  keywords={primary}
}

@Book{LuisdeGranada:Concionum,
  Title                    = {Concionum de tempore},
  Author                   = {Luis de Granada},
  Year                     = {1577},
  Location                 = {Salamanca},

  __markedentry            = {[andrew:6]},
  Keywords                 = {primary},
  Langid                   = {latin},
  Owner                    = {andrew},
  Timestamp                = {2016.09.15}
}

@Book{LuisdeGranada:Doctrina,
  Title                    = {Compendio de Dotrina Christiana},
  Author                   = {Luis de Granada},
  Year                     = {1595},
  Location                 = {Madrid},
  Note                     = {Translated, from the Portuguese, by Fray Enrique de Almeyda},

  Keywords                 = {primary},
  Langid                   = {spanish}
}

@Book{LuisdeGranada:DoctrinaEd,
  Title                    = {Compendio y explicacion de la doctrina Cristiana},
  Author                   = {Luis de Granada},
  Year                     = {1945},
  Location                 = {Madrid},
  Number                   = {11},
  Series                   = {Biblioteca de autores españoles},

  Keywords                 = {primary},
  Langid                   = {spanish}
}

@Book{LuisdeGranada:Simbolo,
  Title                    = {Introducción del símbolo de la fe},
  Author                   = {Luis de Granada},
  Year                     = {1871},
  Location                 = {Madrid},
  Number                   = {6},
  Publisher                = {M. Rivadeneyra},
  Series                   = {Biblioteca de autores españoles},

  Keywords                 = {primary, 1-theology,shortlist},
  Langid                   = {spanish},
  Origdate                 = {1583}
}

@Book{LuisdeGranada:SylvaLocorum,
  Title                    = {Sylua locorum communium omnibus diuini verbi concionatoribus ... :
 in qua tum veterum Ecclesiæ Patrum tum philosophorum, oratorum et 
poëtarum egregia dicta aureæq[ue] sententiæ ... leguntur},
  Author                   = {Luis de Granada},
  Year                     = {1587},
  Location                 = {London},
  Note                     = {MEX-Plf 10965-32050104,
\mkbibemph{ex libris} Oratorio de San Felipe Neri},

  __markedentry            = {[andrew:6]},
  Keywords                 = {primary, compendia, 1},
  Langid                   = {latin},
  Owner                    = {andrew},
  Timestamp                = {2016.09.15}
}

@Book{LuisdeGranada:Xmas,
  Title                    = {Sermon en la fiesta del nascimiento de nuestro señor},
  Author                   = {Luis de Granada},
  Year                     = {1945},
  Location                 = {Madrid},
  Number                   = {11},
  Pages                    = {36--41},
  Series                   = {Biblioteca de autores españoles},

  Keywords                 = {primary},
  Langid                   = {spanish},
  Origdate                 = {1595}
}

@Incollection{MacGaffey:DialoguesDeaf,
  Title                    = {Dialogues of the Deaf: Europeans on the Atlantic Coast of Africa},
  Author                   = {MacGaffey, Wyatt},
  Booktitle                = {Implicit Understandings: Observing, Reporting, and Reflecting on the Encounters between Europeans and Other Peoples in the Early Modern Era},
  Editor                   = {Schwartz, Stuart B.},
  Year                     = {1994},
  Location                 = {Cambridge},
  Pages                    = {249--267},
  Publisher                = {Cambridge University Press},

  Keywords                 = {colonial,Africa,exploration,intercultural-encounter,global-history},
  Owner                    = {andrew},
  Shorttitle               = {Dialogues of the Deaf},
  Timestamp                = {2018.06.01}
}

@Book{MartinyColl:HuertoAmeno,
  Title                    = {Huerto ameno de varias flores de música},
  Author                   = {Martín y Coll, Fray Antonio},
  Year                     = {1609},
  Location                 = {Madrid},

  Keywords                 = {primary},
  Langid                   = {spanish}
}

@Book{Massarella:JapaneseTravellers,
  Title                    = {Japanese Travellers in Sixteenth-Century Europe: A Dialogue concerning the Mission of the Japanese Ambassadors to the Roman Curia \mkbibparens{1590}},
  Author                   = {Sande, Duarte de},
  Year                     = {2012},
  Editor                   = {Massarella, Derek},
  Location                 = {London},
  Note                     = {annotated translation of \mkbibemph{De missione legatorvm Iaponensium} \mkbibparens{Macao, 1590} with introduction},
  Publisher                = {The Hakluyt Society/Ashgate},
  Translator               = {Moran, J. F.},

  Keywords                 = {2},
  Shorttitle               = {Japanese Travellers in Sixteenth-Century Europe}
}

@Incollection{Mauleon:PadillaCivil,
  Title                    = {Juan Gutiérrez de Padilla desde el ámbito civil: Un \mkbibemph{corpus} documental},
  Author                   = {Mauleón Rodríguez, Gustavo},
  Pages                    = {179--242},

  Crossref                 = {Mauleon:PadillaPalafox},
  Keywords                 = {2},
  Langid                   = {spanish},
  Shorttitle               = {Juan Gutiérrez de Padilla desde el ámbito civil}
}

@Collection{Mauleon:PadillaPalafox,
  Title                    = {Juan Gutiérrez de Padilla y la época Palafoxiana},
  Editor                   = {Mauleón Rodríguez, Gustavo},
  Year                     = {2010},
  Location                 = {Puebla},
  Publisher                = {Gobierno del Estado de Puebla, Secretaría de Cultura},

  Keywords                 = {2,shortlist},
  Langid                   = {spanish}
}

@Collection{McCutcheon:InsiderOutsider,
  Title                    = {The Insider/Outsider Problem in the Study of Religion: A Reader},
  Editor                   = {McCutcheon, Russell T.},
  Year                     = {1999},
  Location                 = {London},
  Publisher                = {Cassell},

  Keywords                 = {2}
}

@Book{McKim:BiblicalInterpreters,
  Title                    = {Historical Handbook of Major Biblical Interpreters},
  Year                     = {1998},
  Editor                   = {McKim, Donald K.},
  Location                 = {Downers Grove, IL},
  Publisher                = {InterVarsity Press},

  Keywords                 = {2}
}

@Book{Melamed:BachPassions,
  Title                    = {Hearing Bach's Passions},
  Author                   = {Melamed, Daniel R.},
  Year                     = {2005},
  Location                 = {Oxford},
  Publisher                = {Oxford University Press},

  Keywords                 = {JSBach,sacred-music,baroque,passions,performance-practice,choral-music},
  Owner                    = {andrew},
  Timestamp                = {2016.01.21}
}

@Book{Menache:Vox,
  Title                    = {The Vox Dei: Communication in the Middle Ages},
  Author                   = {Menache, Sophia},
  Year                     = {1990},
  Location                 = {New York},
  Publisher                = {Oxford University Press},

  Keywords                 = {2}
}

@Book{MenendezPidal:Crestomatia,
  Title                    = {Crestomatía del español medieval},
  Year                     = {1965},
  Editor                   = {Menéndez Pidal, Ramón},
  Location                 = {Madrid},
  Publisher                = {Universidad de Madrid},
  Volumes                  = {2},

  Keywords                 = {Spanish-literature, medieval},
  Langid                   = {spanish},
  Owner                    = {andrew},
  Timestamp                = {2018.04.16}
}

@Book{Merlo:PueblaCat,
  Title                    = {La Catedral Basilica de la Puebla de los Ángeles},
  Author                   = {Merlo Juárez, Eduardo and Quintana Fernández, José Antonio and Pavón Rivero, Miguel},
  Year                     = {2006},
  Location                 = {Puebla},
  Publisher                = {Universidad Popular Autónoma del Estado de Puebla},

  Keywords                 = {2},
  Langid                   = {spanish}
}

@Book{Merolla:Congo,
  Title                    = {Breve, e svccinta Relatione del Viaggio nel regno dei Congo nell' Africa Meridionale},
  Author                   = {Merolla, Girolamo},
  Year                     = {1692},
  Location                 = {Naples},

  Keywords                 = {primary},
  Langid                   = {italian},
  Shorttitle               = {Breve, e svccinta Relatione}
}

@Book{Messiaen:Technique,
    author={Messiaen, Olivier},
    title={Technique de mon langage musical},
    location={Paris},
    publisher={A. Leduc},
    year=1944,
    keywords={20C,French-music,Messiaen,aesthetics}
}

@Incollection{Miranda:PadillaLuz,
  Title                    = {\mkbibquote{\dots de Ángeles también el coro}: Estética y simbolismo en la misa \mkbibemph{Ego flos campi} de Juan Gutiérrez de Padilla},
  Author                   = {Miranda, Ricardo},
  Pages                    = {131--153},

  Crossref                 = {Mauleon:PadillaPalafox},
  Keywords                 = {2},
  Langid                   = {spanish},
  Shorttitle               = {\mkbibquote{\dots de Ángeles también el coro}}
}

@Incollection{Mitchell:Reforms,
  Title                    = {Reforms, Protestant and Catholic},
  Author                   = {Mitchell, Nathan D.},
  Pages                    = {307--350},

  Crossref                 = {OxfordHistoryChristianWorship},
  Keywords                 = {liturgy,ritual,catholic,protestant,reformation},
  Owner                    = {andrew},
  Shorttitle               = {Reforms},
  Timestamp                = {2016.03.22}
}

@Book{Molina:Nahuatl,
  Title                    = {Vocabulario en lengua castellana y mexicana},
  Author                   = {Molina, Alonso de},
  Year                     = {1571},
  Location                 = {Mexico City},

  Keywords                 = {primary,dictionary,nahuatl,language,Mexico},
  Langid                   = {spanish},
  Owner                    = {andrew},
  Timestamp                = {2016.02.02}
}

@Book{Molinero:Negros,
  Title                    = {La imagen de los negros en el teatro del Siglo de Oro},
  shorttitle={La imagen de los negros},
  Author                   = {Fra Molinero, Baltasar},
  Year                     = {1995},
  Location                 = {Mexico City},
  Publisher                = {Siglo Veintiuno Editores},

  Keywords                 = {Spanish-literature,villancicos,black-music,race,Africans,theater},
  Langid                   = {spanish},
  Owner                    = {andrew},
  Timestamp                = {2016.07.18}
}

@Book{Monson:DivasConvent,
  Title                    = {Divas in the Convent: Nuns, Music, and Defiance in Seventeenth-Century Italy},
  Author                   = {Monson, Craig},
  Year                     = {2012},
  Location                 = {Chicago},
  Publisher                = {University of Chicago Press},

  Keywords                 = {2}
}

@Online{Montes:Calendar,
  Title                    = {Calculation of the Ecclesiastical Calendar},
  Author                   = {Montes, Marcos J.},
  Url                      = {http://www.smart.net/~mmontes/ec-cal.html},

  Keywords                 = {2}
}

@Incollection{Morales:EsclavoJuan,
  Title                    = {El esclavo negro Juan de Vera: Cantor, arpista y compositor de la catedral de Puebla \mkbibparens{\mkbibemph{florevit} 1575--1617}},
  Author                   = {Morales Abríl, Omar},
  Pages                    = {47--62},

  Crossref                 = {HistoriaMusicaPuebla},
  Keywords                 = {Puebla,Mexico,slaves,race},
  Langid                   = {spanish},
  Owner                    = {andrew},
  Shorttitle               = {El esclavo negro Juan de Vera},
  Timestamp                = {2016.03.22}
}

@Incollection{Morales:Fernandez,
  Title                    = {Gaspar Fernández: su vida y obras como testimonio de
la cultura musical novohispana a principios del siglo XVII},
  Author                   = {Morales Abril, Omar},
  Editor                   = {Camacho Becerra, Arturo},
  Year                     = {2013},
  Location                 = {Oaxaca},
  Pages                    = {71--125},
  Publisher                = {Centro de Investigaciones y Estudios Superiores en
      Antropología Social \mkbibparens{CIESAS}},

  Keywords                 = {17th-century,New-Spain,Puebla,Guatemala,biography,villancicos},
  Langid                   = {spanish},
  Owner                    = {andrew},
  Timestamp                = {2018.05.09},
  booktitle = {Ejercicio y enseñanza de la música}
}

@Article{Morales:PueblaMCI,
    author={Morales Abril, Omar},
    title={La música en la catedral de Puebla de los Ángeles \mkbibparens{1546–1606}. I:
        Magisterio de capilla},
    journaltitle={Heterofonía},
    volume=129,
    pages={9--47},
    langid={spanish},
    keywords={Puebla Cathedral, chapelmasters}
}

@Article{More:Heretical-Science-Mexico,
    author={More, Anna},
    title={Thinking with the Inquisition: Heretical Science and Popular
        Knowledge in Seventeenth-Century Mexico},
    shorttitle={Thinking with the Inquisition},
    journal={Romanic Review},
    volume={103},
    number={1},
    year={2012},
    pages={111--132},
    keywords={astrology,Mexico,Inquisition,17C,popular-culture}
}

@Book{Mozart:FigaroDover,
  Title                    = {The Marriage of Figaro in Full Score},
  Author                   = {Mozart, Wolfgang Amadeus},
  Year                     = {1979},
  Location                 = {New York},
  Publisher                = {Dover}
}

@Book{Muir:Ritual,
  Title                    = {Ritual in Early Modern Europe},
  Author                   = {Muir, Edward},
  Year                     = {1997},
  Location                 = {New York},
  Publisher                = {Cambridge University Press},

  Keywords                 = {ritual,eucharist,sacrament,early-modern},
  Owner                    = {andrew},
  Timestamp                = {2016.03.22}
}

@Article{Murata:Operas,
  Title                    = {Operas for the Papal Court, 1631-1668},
  Author                   = {Murata, Margaret},
  Year                     = {1981},
  Number                   = {39},
  Series                   = {Studies in Musicology},

  Keywords                 = {2},
  Location                 = {Ann Arbor, MI},
  Publisher                = {UMI Research Press}
}

@Incollection{Murata:Singing,
  Title                    = {Singing about Singing, or, The Power of Music Sixty Years After},
  Author                   = {Murata, Margaret},
  Booktitle                = {In cantu et in sermone: For Nino Pirrotta on His 80th Birthday},
  Year                     = {1989},
  Location                 = {Firenze},
  Number                   = {2},
  Pages                    = {363--384},
  Publisher                = {Olschki},
  Series                   = {Italian Medieval and Renaissance Studies},

  Keywords                 = {2}
}

@Book{Murillo:DiscursosPredicables,
  Title                    = {Discursos predicables sobre los evangelios que canta la 
 Iglesia en los quatro Domingos de Aduiento, y fiestas 
principales que occurren en este tiempo hasta la Septuagesima},
  Author                   = {Murillo, Fray Diego},
  Year                     = {1610},
  Location                 = {Zaragoza},
  Note                     = {MEX-Ppx: BV4207 M8,
\mkbibemph{ex libris} \mkbibquote{Biblioteca del seminario}},

  __markedentry            = {[andrew:6]},
  Keywords                 = {compendia, primary},
  Langid                   = {spanish},
  Owner                    = {andrew},
  Timestamp                = {2016.09.15}
}

@Book{Murphy:Postmodernity,
    author={Murphy, Nancey},
    title={Anglo-American Postmodernity: Philosophical Perspectives on Science,
        Religion, and Ethics},
    shorttitle={Anglo-American Postmodernity},
    location={Boulder, CO},
    publisher={Westview Press},
    year=1997,
    keywords={postmodernism, hermeneutics, epistemology, philosophy,
        methodology}
}

@Inbook{Myers:CatalanPhonology,
  Title                    = {Catalan Voicing Phenomena: Final Obstruent Devoicing},
  Author                   = {Myers, Scott and Crowhurst, Megan},
  Booktitle                = {Phonology: Case Studies},
  Year                     = {2006},
  Location                 = {Austin, TX},
  Note                     = {Website},
  Publisher                = {The University of Texas at Austin},
  Url                      = {http://www.laits.utexas.edu/phonology/catalan/cat_voice2.html},

  Keywords                 = {2}
}

@InCollection{Nava:Barreto,
    author={Nava Sánchez, Alfredo},
    title={El cantor mulato Luis Barreto: La vida singular de una voz en la
        catedral de México en el amanecer del siglo XVII},
    shorttitle={El cantor mulato Luis Barreto},
    booktitle={Lo sonoro en el ritual catedralicio: Iberoamérica siglos
        XVI--XIX},
    editor={Cayeros, P. D.},
    location={Mexico City},
    publisher={Universidad Nacional Autónoma de México},
    year=2007,
    keywords={race,New-Spain,Gaspar-Fernandez,black cathedral musicians}
}

@Book{Navarrete:RitualSonoro,
  Title                    = {Ritual sonoro en catedral y parroquias},
  Year                     = {2003},
  Editor                   = {Navarrete Pellicer, Sergio},
  Location                 = {Mexico City},
  Publisher                = {Centro de Investigaciones y Estudios Superiores en Antropología Social \mkbibparens{CIESAS}},

  Keywords                 = {Mexico,sacred-music,colonial-music},
  Langid                   = {spanish},
  Owner                    = {andrew},
  Timestamp                = {2016.02.29}
}

@Book{Navarro:Metrica,
  Title                    = {Métrica española: Reseña histórica y descriptiva},
  Author                   = {Navarro Tomás, Tomás},
  Year                     = {1966},
  Location                 = {New York},
  Publisher                = {Las Americas Pub. Co.},

  Keywords                 = {2},
  Langid                   = {spanish},
  Origdate                 = {1956},
  Shorttitle               = {Métrica española}
}

@Book{Nettl:Ethnomusicology,
  Title                    = {The Study of Ethnomusicology, Thirty-One Issues and Concepts},
  Author                   = {Nettl, Bruno},
  Year                     = {2005},
  Edition                  = {2},
  Location                 = {Urbana, IL},
  Publisher                = {University of Illinois Press},

  Keywords                 = {2}
}

@Inbook{Nettl:InsiderOutsider,
  Title                    = {You Will Never Understand This Music: Insiders and Outsiders},
  Pages                    = {149--160},

  Crossref                 = {Nettl:Ethnomusicology},
  Keywords                 = {omit}
}

@Incollection{Nettl:WorldMusicAsConcept,
  Title                    = {On World Music as a Concept in the History of Music Scholarship},
  Author                   = {Nettl, Bruno},
  Pages                    = {23--54},

  Crossref                 = {CHWorldMusic},
  Keywords                 = {world-music,ethnomusicology,music-historiography,musicology},
  Owner                    = {andrew},
  Timestamp                = {2016.05.18}
}

@Reference{NewCatholic,
  Title                    = {New Catholic Encyclopedia},
  Year                     = {2003},
  Edition                  = {2nd. ed},
  Publisher                = {Gale},

  Keywords                 = {reference, religion, Catholicism},
  Owner                    = {andrew},
  Timestamp                = {2016.12.14}
}

@Book{Nieremberg:PracticaCatecismo,
  Title                    = {Practica del catecismo romano, y doctrina christiana, sacada principalmente de los catecismos de Pio V. y Clemente VIII. compuestos conforme al Decreto del santo Concilio Tridentino: Con las divisiones, y adiciones necesarias al cumplimiento de las obligaciones Christianas, para que se pueda leer cada Domingo, y dia de fiesta},
  Author                   = {Nieremberg, Juan Eusebio},
  Year                     = {1640},
  Location                 = {Madrid},

  Keywords                 = {primary},
  Langid                   = {spanish},
  Shorttitle               = {Practica del catecismo romano}
}

@Book{Nieremberg:Sympatia,
  Title                    = {Oculta filosofia de la sympatia y antipatia de las cosas, artificio de la naturaleza, y noticia natural del mundo},
  Author                   = {Nieremberg, Juan Eusebio},
  Year                     = {1633},
  Location                 = {Madrid},

  Keywords                 = {primary, 1-theology,shortlist},
  Langid                   = {spanish},
  Shorttitle               = {Oculta filosofia}
}

@Article{Nieto-Galan:History-Science-Spain,
    author={Nieto-Galan, Agustí},
    title={The History of Science in Spain: A Critical Overview},
    shorttitle={The History of Science in Spain},
    journal={Nuncius},
    volume={23},
    number={2},
    year=2008,
    pages={211--236},
    keywords={history-of-science,Spain,historiography}
}

@Book{Ochoa:Aurality,
  Title                    = {Aurality: Listening and Knowledge in Nineteenth-Century Colombia},
  Author                   = {Ochoa Gautier, Ana María},
  Year                     = {2014},
  Location                 = {Durham, NC},
  Publisher                = {Duke University Press},

  Keywords                 = {sound-studies,hearing,oral,aural,colonial,Colombia,19C},
  Owner                    = {andrew},
  Shorttitle               = {Aurality},
  Timestamp                = {2017.01.26}
}

@Reference{OED,
  Title                    = {Oxford English Dictionary [OED]},
  Url                      = {http://www.oed.com/},

  Owner                    = {andrew},
  Shorttitle               = {OED},
  Timestamp                = {2018.05.30}
}

@InReference{OED:penuche,
  Title                    = {Oxford English Dictionary},
  Url                      = {http://www.oed.com/},
    lista={penuche}
}

@Thesis{Olarte:Irizar,
  Title                    = {Miguel de Irízar y Domenzain \mkbibparens{1635--1684?}: Biografía, epistolario y estudio de sus Lamentaciones},
  Author                   = {Olarte Martínez, Matilde},
  Institution              = {Universidad de Valladolid},
  Type                     = {PhD diss.},
  Year                     = {1992},

  Keywords                 = {2},
  Langid                   = {spanish},
  Volumes                  = {4}
}

@Article{Ocana:AmoresHumanos,
    title={Amores humanos, amores divinos: La \mkbibemph{Vita Christi} de sor
        Isabel de Villana},
    shorttitle={Amores humanos, amores divinos},
    author={Corijo Ocaña, Antonio},
    journaltitle={Scripta},
    year=2014,
    url={https://doaj.org/article/53ef90d9991f4038bd6aa3ced925b189},
    keywords={secondary}
}
@Incollection{Olson:CaravaggioMarginal,
  Title                    = {The Street Has Its Masters: Caravaggio and the Socially Marginal},
  Author                   = {Olson, Todd P.},
  Booktitle                = {Caravaggio: Realism, Rebellion, Reception},
  Editor                   = {Warwick, Genevieve},
  Year                     = {2006},
  Location                 = {Cranbury, NJ},
  Pages                    = {69--81},
  Publisher                = {Rosemont Publishing},

  Keywords                 = {2}
}

@Book{OMalley:Jesuits,
  Title                    = {The Jesuits: Cultures, Sciences, and the Arts 1540--1773},
  Year                     = {1999},
  Editor                   = {O'Malley, S.J., John W. and Bailey, Gauvin Alexander and Harris, Steven J. and Kennedy, S.J., T. Frank},
  Location                 = {Toronto},
  Publisher                = {University of Toronto Press},

  Keywords                 = {Jesuits,missions,colonial,Catholic},
  Owner                    = {andrew},
  Shorttitle               = {The Jesuits},
  Timestamp                = {2016.05.23}
}

@Collection{OxfordHistoryChristianWorship,
  Title                    = {The Oxford History of Christian Worship},
  Editor                   = {Wainwright, Geoffrey and Westerfield Tucker, Karen B.},
  Year                     = {2006},
  Location                 = {Oxford},
  Publisher                = {Oxford University Press},

  Keywords                 = {worship,liturgy,ritual,christianity},
  Owner                    = {andrew},
  Timestamp                = {2016.03.22}
}

@Reference{OxfordSpanishDictionary,
  Title                    = {The Oxford Spanish Dictionary},
  Year                     = {2009},
  Location                 = {Oxford},
  Publisher                = {Oxford University Press},

  Keywords                 = {omit}
}

@Book{Padilla-Quedito1651,
    title={Quedito, señores \mkbibparens{Ensaladilla}},
    author={Gutiérrez de Padilla, Juan},
    note={MEX-Pc: Leg. 1/2 \mkbibparens{Christmas Matins 1651}},
    sortyear=1651
}

@Book{Padilla:1652ChristmasCD,
  Title                    = {Maitines de Navidad, 1652},
  Author                   = {Gutiérrez de Padilla, Juan},
  Year                     = {1999},
  Location                 = {Mexico City},
  Note                     = {(CD) Angelicum de Puebla, directed by Benjamín Juárez Echenique},
  Publisher                = {Urtext},
  Series                   = {México Barroco/Puebla VII},

  Keywords                 = {2},
  Langid                   = {spanish}
}

@Book{Padilla:1652ChristmasMS,
  Title                    = {Navidad del año de 1652},
  Author                   = {Gutiérrez de Padilla, Juan},
  Note                     = {MEX-Pc: Leg.~1/3},

  Keywords                 = {primary},
  Langid                   = {spanish},
  Owner                    = {andrew},
  Timestamp                = {2016.03.07}
}

@Book{Padilla:1653ChristmasCD,
  Title                    = {Matines de Natividad, 1653},
  Author                   = {Gutiérrez de Padilla, Juan},
  Note                     = {(CD) Angelicum de Puebla/Schola Cantorum de México, dir. Benjamín Juárez-Echenique},
  Series                   = {México Barroco/Puebla 1},

  Langid                   = {spanish},
  Owner                    = {andrew},
  Timestamp                = {2016.05.23}
}

@Book{Padilla:1657ChristmasMS,
  Title                    = {Navidad del año de 1657},
  Author                   = {Gutiérrez de Padilla, Juan},
  Location                 = {MEX-Pc: Leg.~3/1},

  Keywords                 = {primary},
  Langid                   = {spanish}
}

@Book{Padilla:HabanaCD,
  Title                    = {Música de la Catedral de Puebla de los Ángeles},
  Author                   = {Gutiérrez de Padilla, Juan},
  Year                     = {2005},
  Location                 = {Seville},
  Note                     = {(CD) Ars Longa de Habana, directed by Teresa Paz},
  Publisher                = {Almaviva},

  Keywords                 = {2},
  Langid                   = {spanish}
}

@Book{Padilla:MissaEgoFlosCampi,
  Title                    = {Missa Ego flos campi},
  Author                   = {Gutiérrez de Padilla, Juan},
  Year                     = {1992},
  Editor                   = {Imrie, Martyn and Moody, Ivan and Turner, Bruno},
  Location                 = {Isle of Lewis, Scotland},
  Publisher                = {Mapa Mundi \mkbibparens{Vanderbeek \& Imbrie}},

  Keywords                 = {primary},
  Langid                   = {latin}
}

@Book{Padilla:Tello,
  Title                    = {Tres cuadernos de Navidad: 1653, 1655 y 1657},
  Author                   = {Gutiérrez de Padilla, Juan},
  Year                     = {1998},
  Editor                   = {Palacios, Mariantonia and Tello, Aurelio},
  Location                 = {Caracas},
  Publisher                = {Fundación Vicente Emilio Sojo: Consejo Nacional de la Cultura},

  Keywords                 = {primary,villancico-editions},
  Langid                   = {spanish}
}

@Book{Palafox:1647:CartaInquisidor,
  Title                    = {Carta del Vble. D. Juan de Palafox Obispo de la Puebla de los Angeles y de Osma al Inquisidor General Don Diego de Arce y Reynoso, Obispo de Plasencia, en que se queja de los atendados cometidos contra su dignidad y persona por el Tribunal de Inquisición de México [1647]},
  Author                   = {Palafox y Mendoza, Juan de},
  Year                     = {1813},
  Editor                   = {Puig y Blanch, Antonio},
  Location                 = {Cádiz},

  Keywords                 = {primary,Palafox,Puebla,Salmeron,inquisition,Mexico},
  Langid                   = {spanish},
  Owner                    = {andrew},
  Shorttitle               = {Carte del Vble. D. Juan de Palafox [1647]},
  Timestamp                = {2016.02.08}
}

@Book{Palafox:Bocados,
  Title                    = {Bocados espiritvales, politicos, misticos, y morales,
Catecismo, y Axiomas doctrinales, para Labradores, y gente senzilla, 
especialmente; con otros Tratados},
  Author                   = {Palafox y Mendoza, Juan de},
  Year                     = {1662},
  Location                 = {Madrid},

  Keywords                 = {catechisms, Palafox, devotional-literature,
      Spanish-literature, doctrinal-theology, primary},
  Langid                   = {spanish},
  Owner                    = {andrew},
  Shorttitle               = {Bocados espiritvales},
  Timestamp                = {2016.12.19}
}

@InBook{Palafox:Espectaculos,
    author={Palafox y Mendoza, Juan de},
    title={De la carta pastoral sobre los espectáculos},
    booktitle={Tratados mejicanos II: Memoriales civiles y epistolas-tratados},
    editor={Sanchez-Castañer, Francisco},
    series={Biblioteca de autores españoles},
    number=218,
    location={Madrid},
    year=1968,
    langid={spanish},
    keywords={Palafox,theater,primary}
}

@Book{Palafox:Nochebuena,
  Title                    = {El Pastor de Noche Buena: Practica Breve de las Virtudes; Conocimiento Facil de los Vicios},
  Author                   = {Palafox y Mendoza, Juan de},
  Year                     = {1730},
  Location                 = {Barcelona},

  Keywords                 = {primary, 1-theology,shortlist},
  Langid                   = {spanish},
  Origdate                 = {1644},
  Shorttitle               = {El Pastor de Noche Buena}
}

@Book{Palafox:VirtudesIndio,
  Title                    = {Virtudes del indio},
  Author                   = {Palafox y Mendoza, Juan de},
  Year                     = {1998},
  Location                 = {Valladolid},
  Publisher                = {Quirón Ediciones},

  Keywords                 = {primary},
  Langid                   = {spanish}
}

@Book{Palafox:VirtuesIndian,
    title={Virtues of the Indian/Virtudes del Indio: An Annotated Translation},
    shorttitle={Virtues of the Indian},
    author={Palafox y Mendoza, Juan de},
    translator={Fee, Nancy H.},
    note={introduction by Alejandro Cañique},
    location={Lanham},
    publisher={Rowman \& Littlefield},
    year=2009,
    keywords={Palafox,Puebla,Indians}
}

@Book{Palafoxiana:Catalog,
  Title                    = {Inventario general de manuscritos de la Biblioteca Palafoxiana},
  Author                   = {Garibay Álvarez, Jorge and Peña Espinosa, Jesús Joel},
  Year                     = {2004},
  Location                 = {Puebla},
  Publisher                = {Secretaría de Gobierno del Estado de Puebla/Fundación Mapfre Tavera \mkbibparens{Madrid}},

  Keywords                 = {primary,catalog,Puebla,Palafox,Mexico,archival-sources,archives},
  Langid                   = {spanish},
  Owner                    = {andrew},
  Shorttitle               = {Inventario general},
  Timestamp                = {2016.02.08}
}

@Book{Pedrell:BNC,
  Title                    = {Catàlech de la Biblioteca musical de la Diputació de Barcelona},
  Author                   = {Pedrell, Felip},
  Year                     = {1908},
  Location                 = {Barcelona},
  Publisher                = {Palau de la Diputació},
  Volumes                  = {2},

  Keywords                 = {primary, catalog},
  Langid                   = {catalan}
}

@Inreference{Perez:DMEH-Santiago,
  Title                    = {Diccionario de la música española e hispanoamericana},
  Author                   = {Pérez Gutiérrez, Mariano},

  Keywords                 = {2},
  Langid                   = {spanish},
  Lista                    = {Santiago, fray Francisco de},
  Options                  = {skipbib}
}

@Book{Perez:MusicaAfromestizaMexicana,
  Title                    = {La música afromestiza mexicana},
  Author                   = {Pérez Fernández, Rolando A.},
  Year                     = {1990},
  Location                 = {Xalapa, Mexico},
  Publisher                = {Universidad Veracruzana},

  Langid                   = {spanish},
  Owner                    = {andrew},
  Timestamp                = {2016.11.17}
}

@Article{PerezRuiz:Aportes,
  Title                    = {Aportes metodológicos para una investigación sobre música colonial Mexicana},
  Author                   = {Pérez Ruíz, Bárbara},
  Journaltitle             = {Revista de la Sociedad Venezolana de Musicología},
  Year                     = {2002},
  Number                   = {3},
  Pages                    = {21--79},
  Volume                   = {year 2},

  Keywords                 = {2},
  Langid                   = {spanish},
  Shorttitle               = {Aportes metodológicos}
}

@Article{Perkins:Patronage15C,
  Title                    = {Musical Patronage at the Royal Court of France under Charles VII and Louis XI \mkbibparens{1422--83}},
  Author                   = {Perkins, Leeman L.},
  Journaltitle             = {Journal of the American Musicological Society},
  Year                     = {1984},
  Pages                    = {507--66},
  Volume                   = {37},

  Keywords                 = {2}
}

@Article{Pilgrim:JimCrow,
  Title                    = {Who Was Jim Crow?},
  Author                   = {Pilgrim,David},
  Year                     = {2000},
  Url                      = {http://www.ferris.edu/HTMLS/news/jimcrow/who.html},

  Keywords                 = {2},
  Publisher                = {Jim Crow Museum of Racist Memorabilia \mkbibparens{website}}
}

@Book{Plann:DeafEducationSpain,
  Title                    = {A Silent Minority: Deaf Education in Spain, 1550--1835},
  Author                   = {Plann, Susan},
  Year                     = {1997},
  Location                 = {Berkeley, CA},
  Publisher                = {University of California Press},

  Keywords                 = {2}
}

@Book{Puebla:Microfilm,
  Title                    = {Archivo de música sacra de la catedral de Puebla},
  Year                     = {1967},
  Editor                   = {Spiess, Lincoln B. and Stanford, Thomas},
  Location                 = {Mexico City},
  Note                     = {microfilm},

  Keywords                 = {primary},
  Langid                   = {spanish}
}

@Book{Quantz:Versuch,
  Title                    = {Versuch einer Anweisung, die Flöte traversiere zu spielen},
  Author                   = {Quantz, Johann Joachim},
  Year                     = {1752},
  Location                 = {Berlin},
  Publisher                = {J.~F. Voss},

  Keywords                 = {primary,performance-practice,flute,galant,Enlightenment,18C},
  Langid                   = {german},
  Owner                    = {andrew},
  Timestamp                = {2016.02.18}
}

@Book{Querol:Calderon,
  Title                    = {La musica en el teatro de Calderon},
  Author                   = {Querol Gavalda, Miguel},
  Year                     = {1981},
  Location                 = {Barcelona},
  Publisher                = {Institut del Teatre},

  Keywords                 = {2},
  Langid                   = {spanish}
}

@Book{RamosKittrell:PlayingCathedral,
  Title                    = {Playing in the Cathedral: Music, Race, and Status in New Spain},
  Author                   = {Ramos-Kittrell, Jesús A.},
  Year                     = {2016},
  Location                 = {Oxford},
  Publisher                = {Oxford University Press},

  Keywords                 = {colonial-Mexico,New-Spain,race,hierarchy,social-structure,class,Mexico-City,Jerusalem-Ignacio},
  Owner                    = {andrew},
  Shorttitle               = {Playing in the Cathedral},
  Timestamp                = {2017.10.20}
}

@Article{Rasch:Chieze-Huygens,
    title={Music in Spain in the 1670s through the Eyes 
        of Sébastien Chièze and Constantin Huygens},
    author={Rasch, Rudolf},
    journaltitle={Anuario musical},
    number=62,
    year=2007,
    pages={97--124},
    keywords={spanish-music,17C,diplomacy,exchange,dutch-music,african}
}

@Book{Rath:EarlyAmerica,
  Title                    = {How Early America Sounded},
  Author                   = {Rath, Richard Cullen},
  Year                     = {2003},
  Location                 = {Ithaca, NY},
  Publisher                = {Cornell University Press},

  Keywords                 = {2}
}

@Incollection{Rees:SevilleCathedralPerformance,
  Title                    = {Case Study: Seville Cathedral's Music in Performance, 1549--1599},
  Author                   = {Rees, Owen},
  Pages                    = {353--374},

  Crossref                 = {CHPerformance},
  Keywords                 = {Seville,cathedral-music,performance-practice,polyphony,16C,spanish-music},
  Owner                    = {andrew},
  Timestamp                = {2016.05.18}
}

@Incollection{Reily:GoldenAtlantic,
  Title                    = {Music, Minas, and the Golden Atlantic},
  Author                   = {Reily, Suzel A.},
  Pages                    = {223--252},

  Crossref                 = {CHWorldMusic},
  Keywords                 = {Brazil,Atlantic,18C,cultural-exchange,black-music,colonial-music},
  Owner                    = {andrew},
  Timestamp                = {2016.05.18}
}

@Book{Rengifo:ArteMetrica,
  Title                    = {Arte métrica española},
  Author                   = {Rengifo, Juan Díaz},
  Year                     = {1592},
  Location                 = {Salamanca},

  Keywords                 = {primary},
  Langid                   = {spanish}
}

@Incollection{Rey:Ensaladas,
  Title                    = {Weaving \mkbibemph{ensaladas}},
  Author                   = {Rey, Pepe},
  Pages                    = {15--52},

  Crossref                 = {Knighton-Torrente:VCs},
  Keywords                 = {villancico,ensalada},
  Owner                    = {andrew},
  Timestamp                = {2016.03.22}
}

@Article{Rey:Vihuela,
  Title                    = {Poemas vihuelísticos},
  Author                   = {Rey, Pepe},
  Journaltitle             = {Veterodoxia},
  Year                     = {2011},
  Note                     = {Personal website of Pepe Rey},
  Url                      = {http://www.veterodoxia.es/2011/02/poemas-vihuelisticos/},

  Keywords                 = {2},
  Langid                   = {spanish}
}

@Article{Reyre:Retiro,
  Title                    = {Transmisión poética y dramatúrgica del dogma en el auto \mkbibemph{El nuevo palacio del Retiro} de Calderón: La teología eucarística de las metáforas},
  Author                   = {Reyre, Dominique},
  Journaltitle             = {Criticón},
  Year                     = {2008},
  Pages                    = {113--122},
  Volume                   = {102},

  Keywords                 = {2},
  Langid                   = {spanish}
}

@Book{Ribeiro:JohnIV,
  Title                    = {Livraria de música de el-rei D. João IV; estudo musical, histórico e bibliográfico},
  Author                   = {Ribeiro, Mário de Sampayo},
  Year                     = {1967},
  Location                 = {Lisbon},
  Publisher                = {Academia Portuguesa da História},

  Keywords                 = {2},
  Langid                   = {portuguese}
}

@Book{Ribera:Apocalypse,
  Title                    = {Francisci Riberæ Villacastinensis Presbyteri Societatis Iesu, Doctorisque Theologi, In sacram beati Ioannis Apostoli \& Euangelistæ Apocalypsin Commentarij},
  Author                   = {Ribera, Francisco},
  Year                     = {1603},
  Location                 = {Antwerp},

  Keywords                 = {primary},
  Langid                   = {latin}
}

@Book{Ricci:EightSongs,
  Title                    = {Eight Songs for Western Keyboard},
  Author                   = {Ricci, Matteo},
  Editor                   = {Thompson, John},
  Url                      = {http://www.silkqin.com/01mywk/themes/programs/mrxiqinquyi.htm},

  Keywords                 = {music-scores,China,Jesuits,Italian,early-modern,cultural-exchange,poetry},
  Owner                    = {andrew},
  Timestamp                = {2016.05.20}
}

@Book{Ricciardo:CommentariaSymbolica,
  Title                    = {Commentaria Symbolica},
  Author                   = {Ricciardo [Antonius Ricciardus], Antonio},
  Year                     = {1591},
  Location                 = {Venice},

  Keywords                 = {primary},
  Langid                   = {latin},
  Shortauthor              = {Ricciardo}
}

@Book{Rico:PequenoMundo,
  Title                    = {El pequeño mundo del hombre: Varia fortuna de una idea en la cultura española},
  Author                   = {Rico, Francisco},
  Year                     = {1986},
  Edition                  = {2},
  Location                 = {Madrid},
  Publisher                = {Alianza Editorial},

  Keywords                 = {2},
  Langid                   = {spanish}
}

@Book{Ricoeur:Conflit,
    author={Ricoeur, Paul},
    title={Le Conflit des interprétations: essais d'herméneutique},
    location={Paris},
    publisher={Éditions du Seuil},
    year=1969,
    keywords={philosophy,hermeneutics,interpretation,text,translation}
}

@Book{Ricoeur:HermeneuticsSciences,
    author={Ricoeur, Paul},
    translator={Thompson, John B.},
    title={Hermeneutics and the Human Sciences: Essays on Language,
        Action, and Interpretation},
    shorttitle={Hermeneutics and the Human Sciences},
    location={Cambridge},
    publisher={Cambridge University Press},
    year=1981,
    keywords={Ricoeur, hermeneutics, postmodernism}
}

@Book{Ricoeur:InterpretationTheory,
    author={Ricoeur, Paul},
    title={Interpretation Theory: Discourse and the Surplus of Meaning},
    shorttitle={Interpretation Theory},
    location={Fort Worth, TX},
    publisher={TCU Press},
    year=1976,
    keywords={Ricoeur, hermenetics, postmodernism, text, meaning,
        signification, semiotics, metaphor, discourse}
}

@Book{Rietbergen:Power,
  Title                    = {Power and Religion in Baroque Rome: Barberini Cultural Policies},
  Author                   = {Rietbergen, Peter},
  Year                     = {2006},
  Location                 = {Leiden},
  Publisher                = {Brill},

  Keywords                 = {2}
}

@Book{Robertson:Machaut,
  Title                    = {Guillaume de Machaut and Reims: Context and Meaning in His Musical Works},
  Author                   = {Robertson, Anne Walters},
  Year                     = {2002},
  Location                 = {Cambridge},
  Publisher                = {Cambridge University Press},

  Keywords                 = {2}
}

@Book{Robledo:MadridTonos,
  Title                    = {Tonos a lo divino y a lo humano en el Madrid Barroco},
  Year                     = {2003},
  Editor                   = {Robledo Estaire, Luis},
  Location                 = {Madrid},
  Publisher                = {Editorial Alpuerto/Fundación Caja Madrid},

  Keywords                 = {primary,scores,tonos,Spanish-music,17C,villancicos,continuo-songs,devotional-music},
  Langid                   = {spanish},
  Owner                    = {andrew},
  Timestamp                = {2017.01.13}
}

@Article{Robledo:CruzInstrumentos,
    title={El cuerpo y la cruz como instrumentos musicales: Iconografía y
        literatura a la sombra de San Agustín},
    shorttitle={El cuerpo y la cruz como instrumentos musicales},
    langid={spanish},
        author={Robledo Estaire, Luis},
        journaltitle={Studia Aurea},
        year=2007,
        url={http://www.studiaaurea.com/},
        keywords={secondary}
}

@InCollection{Robledo:Pensamiento,
    author={Robledo Estaire, Luis},
    title={Pensamiento musical y teoría de música},
    crossref={Torrente:Historia17C},
    pages={531--618},
    keywords={music-theory,17C,spanish-music,pedagogy}
}

@Article{Rodriguez:Networks,
  Title                    = {Villancicos and Personal Networks in 17th-Century Spain},
  Author                   = {Rodríguez, Pablo-Lorenzo},
  Journaltitle             = {Journal of the Institute of Romance Studies},
  Year                     = {1998},
  Pages                    = {79--89},
  Volume                   = {8},

  Keywords                 = {2,shortlist}
}

@Incollection{Rodriguez:Villancico,
  Title                    = {The Villancico as Music of State in 17th-Century Spain},
  Author                   = {Rodríguez, Pablo-Lorenzo},
  Pages                    = {189--198},

  Crossref                 = {Knighton-Torrente:VCs},
  Keywords                 = {2}
}

@Incollection{Roll:OriginsChristmas,
  Title                    = {The Origins of Christmas: The State of the Question},
  Author                   = {Roll, Susan K.},
  Pages                    = {273--290},

  Crossref                 = {Johnson:MemoryHope},
  Keywords                 = {2},
  Shorttitle               = {The Origins of Christmas}
}

@Incollection{Rommen:LandscapesDiaspora,
  Title                    = {Landscapes of Diaspora},
  Author                   = {Rommen, Timothy},
  Pages                    = {557--583},

  Crossref                 = {CHWorldMusic},
  Keywords                 = {Caribbean,African-diaspora,black-music,cultural-exchange},
  Owner                    = {andrew},
  Timestamp                = {2016.05.23}
}

@Article{Rondon:NegritudChile,
    author={Rondón, Víctor},
    title={Música y negritud en Chile: De la ausencia presente a la presencia
        ausente},
    shorttitle={Música y negritud en Chile},
    journaltitle={Latin American Music Review},
    volume=35,
    number=1,
    year=2014,
    pages={50--87},
    langid={spanish},
    keywords={black-music,Chile,Latin America, colonial-music, race}
}

@Article{Rondon:TodoElMundo,
  Title                    = {\mkbibemph{Todo el mundo en general}, ecos historiográficos desde Chile de una copla a la Inmaculada Concepción en la primera mitad del siglo XVII},
  Author                   = {Rondón, Víctor},
  Journaltitle             = {Revista de Historia Iberoamericana},
  Year                     = {2009},
  Number                   = {1},
  Volume                   = {2},

  Keywords                 = {2},
  Langid                   = {spanish}
}

@Book{Rubin:CorpusChristi,
  Title                    = {Corpus Christi: The Eucharist in Late Medieval Culture},
  Author                   = {Rubin, Miri},
  Year                     = {1991},
  Location                 = {Cambridge},
  Publisher                = {Cambridge University Press},

  Keywords                 = {theology,medieval,early-modern,eucharist,sacrament,ritual},
  Owner                    = {andrew},
  Shorttitle               = {Corpus Christi},
  Timestamp                = {2016.03.22}
}

@Book{Rubio:Forma,
  Title                    = {Forma del villancico polifonico desde el siglo XV hasta el XVIII},
  Author                   = {Rubio, Samuel},
  Year                     = {1979},
  Location                 = {Cuenca},
  Publisher                = {Instituto de Musica Religiosa de la Excma. Diputación Provincial de Cuenca},

  Keywords                 = {2,villancico-studies},
  Langid                   = {spanish},
  Shorttitle               = {Forma del villancico}
}

@Book{Ruimonte:Parnaso,
  Title                    = {Parnaso español de madrigales y villancicos a cuatro, cinco y seys},
  Author                   = {Ruimonte [Rimonte], Pedro},
  Year                     = {1980},
  Editor                   = {Calahorra, Pedro},
  Location                 = {Zaragoza},
  Publisher                = {Excma. Diputación Provincial de Zaragoza, Institución \mkbibquote{Fernando el Católico} \mkbibparens{C.~S.~I.~C.}},

  Keywords                 = {primary,villancico-editions},
  Langid                   = {spanish},
  Origdate                 = {1614},
  Origlocation             = {Antwerp}
}

@Book{Ruiz:Luz,
  Title                    = {Luz, y norte musical para caminar por las cifras de la Guitarra Española, y Arpa, tañer, y cantar á compás por canto de Organo; y breue explicacion del Arte, con preceptos faciles, indubitables, y explicados con claras reglas por teorica, y practica},
  Author                   = {Ruiz de Ribayaz, Lucas},
  Year                     = {1677},
  Location                 = {Madrid},

  Keywords                 = {primary, 1-theory,shortlist},
  Langid                   = {spanish},
  Shorttitle               = {Luz, y norte musical}
}

@Book{RuizSamaniego:MME63,
  Title                    = {Villancicos \mkbibparens{de dos a dieciséis voces}},
  Author                   = {Ruiz Samaniego, Joseph},
  Year                     = {2001},
  Editor                   = {González Marín, Luis Antonio},
  Location                 = {Barcelona},
  Number                   = {63},
  Publisher                = {Consejo Superior de Investigaciones Científicas: Institución \mkbibquote{Milà i Fontanals}, Dept. de Musicología},
  Series                   = {Monumentos de la música española},

  Keywords                 = {primary,villancico-editions},
  Langid                   = {spanish}
}

@Book{Russell:SerraSancho,
  Title                    = {From Serra to Sancho: Music and Pageantry in the California Missions},
  Author                   = {Russell, Craig},
  Year                     = {2009},
  Location                 = {New York},
  Publisher                = {Oxford University Press},

  Keywords                 = {California, USA, missions, Franciscans},
  Owner                    = {andrew},
  Shorttitle               = {From Serra to Sancho},
  Timestamp                = {2016.05.23}
}

@Article{Sage:Instrumentum,
  Title                    = {Music as an \mkbibquote{Instrumentum Regni} in Spanish Seventeenth-Century Drama},
  Author                   = {Sage, Jack W.},
  Journaltitle             = {Bulletin of Hispanic Studies},
  Year                     = {1994},
  Number                   = {3},
  Pages                    = {384--390},
  Volume                   = {61},

  Keywords                 = {2}
}

@Book{Salmeron:CeremonialPuebla,
  Title                    = {Ceremonial de las ceremonias del santo sacrificio de la Missa: conforme al Missa reformado por la santidad de Vrbano Octauo y comentos del doctor Bartolome Gauanto, consultor de la Sacra Congregacion Romana de Ritos},
  Author                   = {Salmerón, Pedro},
  Year                     = {1647},
  Location                 = {Mexico City},

  Langid                   = {spanish},
  Owner                    = {andrew},
  Shorttitle               = {Ceremonial},
  Timestamp                = {2016.03.08}
}

@Unpublished{Salmeron:PalafoxianaVisitation,
  Title                    = {Apuntamientos para la visita del clero, y ciudad de los Angeles},
  Author                   = {Salmerón, Pedro},
  Note                     = {Manuscript, Puebla: Biblioteca Palafoxiana,
      R419/074, location no.~P3/C348/L2},

  Keywords                 = {archival-sources,Mexico,Indians,dance,slaves,Salmeron,Palafox,Puebla},
  Langid                   = {spanish},
  Owner                    = {andrew},
  Shorttitle               = {Apuntamientos para la visita del clero},
  Timestamp                = {2016.02.08}
}

@Book{Sanchez:LiraPoetica,
  Title                    = {Lyra Poética de Vicente Sanchez, natvral de la Imperial Civdad de Zaragoza. Obras Posthvmas},
  Author                   = {Sánchez, Vicente},
  Year                     = {1688},
  Location                 = {Zaragoza},

  Keywords                 = {primary, villancico-poetry-editions},
  Langid                   = {spanish},
  Shorttitle               = {Lyra Poética}
}

@Book{Sanchez:Zurbaran,
  Title                    = {Zurbarán},
  Author                   = {Sánchez Quevedo, María Isabel},
  Year                     = {2000},
  Location                 = {Tres Cantos, Madrid},
  Publisher                = {Akal Ediciones},

  Keywords                 = {2},
  Langid                   = {spanish}
}

@Book{Sande:DeMissioneLegatorum,
  Title                    = {De missione legatorvm Iaponensium ad Romanam curiam, rebusq; in Europa, ac toto itiner adimaduersis DIALOGVS ex ephemeride ipsorvm legatorvm colectvs, \& in sermonem Latinvm versvs ab Eduardo de Sande Sacerdote Societatis IESV.},
  Author                   = {Sande, Duarte de},
  Year                     = {1590},
  Location                 = {Macao},

  Keywords                 = {primary},
  Langid                   = {latin},
  Shorttitle               = {De missione legatorvm Iaponensium}
}

@Misc{SanMiguel:Sermones,
    author={San Miguel, Fr. Andrés de},
    title={Pvblica restitvcion de seis sermones que haze Don Jvan Garciarena
        de Irvrieta, al Reverendo Padre Fr. Andres de San Miguèl, Religioso
            Carmelita Descalzo Angelopolitano, Lector que fuè de Sagrada
            Escriptura, y de Theologia Mystica, y de Visperas de Theologia
            Escolastica; en la Provincia de S. Alberto de la Nueva España;
        Prior actual de Queretaro},
    location={Cadiz},
    publisher={Los herederos de Christoval de Requena},
    year=1724,
    keywords={primary,sermons,new-spain,puebla,}
}

@Article{Santamaria:Negrillas,
  Title                    = {Negrillas, negros y guineos y la representación musical de lo africano},
  Author                   = {Santamaría, Carolina},
  Journaltitle             = {Cuadernos de música, artes visuales y artes escénicas},
  Year                     = {2005},
  Number                   = {1},
  Pages                    = {4--20},
  Volume                   = {2},

  Keywords                 = {villancico,ethnic-villancico,black-music,Africa,negrillas},
  Langid                   = {spanish},
  Owner                    = {andrew},
  Shorttitle               = {Negrillas},
  Timestamp                = {2016.03.22}
}

@Book{Sanz:GuiaDescalzasEncarnacion,
  Title                    = {Monasterios de las Descalzas Reales y de la Encarnación},
  Author                   = {García Sanz, Ana and Sánchez Hernández, Leticia},
  Year                     = {2011},
  Location                 = {Madrid},
  Publisher                = {Palacio Real de Madrid},

  Keywords                 = {2,Madrid,art,architecture,convent,Spain,royal-chapel-spain},
  Langid                   = {spanish},
  Owner                    = {andrew},
  Timestamp                = {2016.09.12}
}

@Book{Sanz:Guitarra,
  Title                    = {Instruccion de musica sobre la guitarra española y metodo de sus primeros rudimentos hasta tañerla con destreza: con dos laberintos ingeniosos, variedad de sones [.~.~.] con vn breve tratado para acompañar con perfeccion sobre la parte muy essencial para la guitarra, arpa y organo [.~.~.]},
  Author                   = {Sanz, Gaspar},
  Year                     = {1674},
  Location                 = {Zaragoza},

  Keywords                 = {primary},
  Langid                   = {spanish},
  Shorttitle               = {Instruccion de musica sobre la guitarra española}
}

@Book{Schaff:NiceneFathers,
  Title                    = {A Select Library of the Nicene and Post-Nicene Fathers of the Christian Church. Second Series},
  Year                     = {1894},
  Editor                   = {Schaff, Philip},
  Location                 = {Edinburgh},
  Publisher                = {T\&T Clark},

  Keywords                 = {primary}
}

@Book{Schmemann:Life,
  Title                    = {For the Life of the World: Sacraments and Orthodoxy},
  Author                   = {Schmemann, Alexander},
  Year                     = {1973},
  Edition                  = {2},
  Location                 = {Crestwood, NY},
  Publisher                = {St. Vladimir's Seminary Press},

  Keywords                 = {2},
  Shorttitle               = {For the Life of the World}
}

@Article{Schmidt:Lob_der_Musik,
    author={Schmidt, Beate Agnes},
    title={\mkbibquote{Lauter Berenhäuterey}? Heinrich Schütz und das Lob der
        Musik},
    journal={Schütz-Jahrbuch},
    year=2018,
    pages={21--42},
    keywords={musical-encomium,Neoplatonism,symbolism,visual-art,lutheran-music,
        german-music,iconography,symbolism,17C}
}

@Book{Schreiner:Certainty,
  Title                    = {Are You Alone Wise?: The Search for Certainty in the Early Modern Era},
  Author                   = {Schreiner, Susan Elizabeth},
  Year                     = {2011},
  Location                 = {Oxford},
  Publisher                = {Oxford University Press},

  Keywords                 = {2},
  Shorttitle               = {Are You Alone Wise?}
}

@Book{Scolieri:DancingNewWorld,
  Title                    = {Dancing the New World: Aztecs, Spaniards, and the Choreography of Conquest},
  Author                   = {Scolieri, Paul A.},
  Year                     = {2013},
  Location                 = {Austin, TX},
  Publisher                = {University of Texas Press},

  Keywords                 = {Mexico,Aztec,dance,cultural-exchange,ritual,colonial},
  Owner                    = {andrew},
  Shorttitle               = {Dancing the New World},
  Timestamp                = {2016.05.24}
}

@Collection{Seeger:StudiesI,
  Title                    = {Studies in Musicology, 1935--1975},
  Year                     = {1977},
  Location                 = {Berkeley},
  Publisher                = {University of California Press},

  Author                   = {Seeger, Charles},
  Keywords                 = {omit}
}

@Incollection{Seeger:Unitary,
  Title                    = {Toward a Unitary Field Theory for Musicology},
  Pages                    = {102--138},

  Crossref                 = {Seeger:StudiesI},
  Keywords                 = {2}
}

@Book{Sierra:UrbanSlavery,
    author={Sierra Silva, Pablo Miguel},
    title={Urban Slavery in Colonial Mexico},
    publisher={Cambridge University Press},
    location={Cambridge},
    year=2018
}

@Book{Skidmore:NewWorldCD,
  Title                    = {New World Symphonies: From Araujo to Zipoli; An A to Z of Latin American Baroque},
  Author                   = {Skidmore, Jeffrey},
  Year                     = {2003},
  Location                 = {London},
  Note                     = {(CD) (CD) (CD) (CD) (CD) (CD) (CD) (CD) (CD) Ex Cathedra},
  Publisher                = {Hyperion},

  Authortype               = {Director},
  Keywords                 = {2}
}

@Book{Small:Musicking,
  Title                    = {Musicking: The Meanings of Performing and Listening},
  Author                   = {Small, Christopher},
  Year                     = {1998},
  Location                 = {Hanover, NH},
  Publisher                = {University Press of New England},

  Keywords                 = {2},
  Shorttitle               = {Musicking}
}

@Book{Smith:Mississippi,
  Title                    = {Let the Church Sing!: Music and Worship in a Black Mississippi Community},
  Author                   = {Smith, Thérèse},
  Year                     = {2004},
  Location                 = {Rochester, NY},
  Publisher                = {University of Rochester Press},

  Keywords                 = {2}
}

@Inreference{Snow:BermudezP,
  Title                    = {Grove Music Online},
  Author                   = {Snow, Robert J.},

  Keywords                 = {2},
  Lista                    = {Bermúdez, Pedro de},
  Options                  = {skipbib}
}

@Book{SorJuana:VC,
  Title                    = {Villancicos y letras sacras},
  Author                   = {Juana Inés de la Cruz, Sor},
  Year                     = {1952},
  Editor                   = {Méndez Plancarte, Alfonso},
  Location                 = {Mexico City},
  Number                   = {2},
  Publisher                = {Instituto Mexiquense de Cultura, Fondo de Cultura Económica},
  Series                   = {Obras completas de Sor Juana Inés de la Cruz},

  Keywords                 = {primary, 1-VCpoetry,villancico-poetry-editions},
  Langid                   = {spanish}
}

@Article{Stagg:QuijoteEntremesRomances,
  Title                    = {Don Quijote and the “Entremés de los romances”: A Retrospective},
  Author                   = {Stagg, Geoffrey},
  Journaltitle             = {Cervantes},
  Year                     = {2002},
  Number                   = {2},
  Pages                    = {129--150},
  Volume                   = {22},

  Keywords                 = {2}
}

@Book{Stanford:Catalog,
  Title                    = {Catálogo de los acervos musicales de las catedrales metropolitanas de México y Puebla y de la Biblioteca Nacional de Antropología e Historia y otras colecciones menores},
  Author                   = {Stanford, E. Thomas},
  Year                     = {2002},
  Location                 = {Mexico City},
  Publisher                = {Instituto Nacional de Antropología e Historia},

  Keywords                 = {primary, catalog,shortlist},
  Langid                   = {spanish},
  Shorttitle               = {Catálogo de los acervos musicales}
}

@Book{Stanford:Philosophy,
    title={The Stanford Encyclopedia of Philosophy},
    editor={Zalta, Edward N.},
    year=2010,
    Location                 = {Stanford, CA},
    Publisher                = {Stanford University},
    Url                      = {http://plato.stanford.edu/}
}

@Inbook{Stanford:Ricoeur,
    title={Paul Ricoeur},
    author={Pellauer, David and Dauenhauer, Bernard},
    crossref={Stanford:Philosophy}
}

@Book{Stein:Songs,
  Title                    = {Songs of Mortals, Dialogues of the Gods: Music and Theatre in Seventeenth-Century Spain},
  Author                   = {Stein, Louise K.},
  Year                     = {1993},
  Location                 = {Oxford},
  Publisher                = {Clarendon Press},

  Keywords                 = {2}
}

@Inreference{Stevenson:BritoE,
  Title                    = {Grove Music Online},
  Author                   = {Stevenson, Robert Murrell},

  Keywords                 = {2},
  Lista                    = {Brito, Estêvão de},
  Options                  = {skipbib}
}

@Inreference{Stevenson:CasedaD,
  Title                    = {Grove Music Online},
  Author                   = {Stevenson, Robert Murrell},

  Keywords                 = {2},
  Lista                    = {Cáseda, Diego de},
  Options                  = {skipbib}
}

@Book{Stevenson:Christmas,
  Title                    = {Christmas Music from Baroque Mexico},
  Author                   = {Stevenson, Robert Murrell},
  Year                     = {1974},
  Location                 = {Berkeley},
  Publisher                = {University of California Press},

  Keywords                 = {2,villancico-editions,primary}
}

@Inreference{Stevenson:FernandesG,
  Title                    = {Grove Music Online},
  Author                   = {Stevenson, Robert Murrell},

  Keywords                 = {2},
  Lista                    = {Fernandes, Gaspar},
  Options                  = {skipbib}
}

@Article{Stevenson:Padilla,
  Title                    = {The \mkbibquote{Distinguished Maestro} of New Spain: Juan Gutiérrez de Padilla},
  Author                   = {Stevenson, Robert Murrell},
  Journaltitle             = {The Hispanic American Historical Review},
  Year                     = {1955},
  Number                   = {3},
  Pages                    = {363--373},
  Volume                   = {35},

  Keywords                 = {2,shortlist},
  Shorttitle               = {The \mkbibquote{Distinguished Maestro} of New Spain}
}

@Article{Stevenson:PueblaChapelmasters2,
  Title                    = {Puebla Chapelmasters and Organists: 
 Sixteenth and Seventeenth Centuries. Part II},
  Author                   = {Stevenson, Robert},
  Journaltitle             = {Inter-American Music Review},
  Year                     = {1984},
  Number                   = {1},
  Pages                    = {29--139},
  Volume                   = {6},

  Keywords                 = {Puebla, 16C, 17C, chapelmasters, biography},
  Owner                    = {andrew},
  Timestamp                = {2018.05.09}
}

@Article{Stevenson:SantiagoF,
  Title                    = {Santiago, fray Francisco de \mkbibparens{born ca. 1578 at Lisbon; died October 5, 1644, at Seville}},
  Author                   = {Stevenson, Robert Murrell},
  Journaltitle             = {Anuario Musical},
  Year                     = {1970},
  Pages                    = {1--11},

  Keywords                 = {2},
  Shorttitle               = {Santiago, fray Francisco de}
}

@Article{Stevenson:SorJuanaMusicalRapports,
  Title                    = {Sor Juana Inés de la Cruz's Musical Rapports: A Tercentenary Remembrance},
  Author                   = {Stevenson, Robert Murrell},
  Journaltitle             = {Inter-American Music Review},
  Year                     = {1996},
  Number                   = {1},
  Pages                    = {1--21},
  Volume                   = {15},

  Keywords                 = {2}
}

@Book{Stevenson:Sources,
    author={Stevenson, Robert Murrell},
    title={Renaissance and Baroque Musical Sources in the Americas},
    location={Washington, DC},
    publisher={General Secretaria, Organization of American States},
    year=1970,
    keywords={catalog, Latin-America}
}

@Incollection{Stock:FourThemesChineseMusic,
  Title                    = {Four Recurring Themes in Histories of Chinese Music},
  Author                   = {Stock, Jonathan P. J.},
  Pages                    = {397--415},

  Crossref                 = {CHWorldMusic},
  Keywords                 = {China},
  Owner                    = {andrew},
  Timestamp                = {2016.05.18}
}

@Book{Strunk:SRMH,
  Title                    = {Source Readings in Music History},
  Year                     = {1998},
  Edition                  = {Revised edition},
  Editor                   = {Strunk, Oliver and Treitler, Leo},
  Location                 = {New York},
  Publisher                = {Norton},

  Keywords                 = {primary,source-texts}
}

@Thesis{Sutton:IberianBatalla,
  Title                    = {A Study of the Seventeenth-Century Iberian Organ Batalla: Historical Development, Musical Characteristics, and Performance Considerations},
  Author                   = {Sutton, Mary Ellen},
  Institution              = {University of Kansas},
  Type                     = {DMA thesis},
  Year                     = {1975},

  Keywords                 = {17C,Spanish-music,keyboard,batalla},
  Owner                    = {andrew},
  Shorttitle               = {A Study of the Seventeenth-Century Iberian Organ Batalla},
  Timestamp                = {2017.01.13}
}

@Thesis{Swadley:VillancicoPhD,
  Title                    = {The Villancico in New Spain 1650--1750: Morphology, Significance and Development},
  Author                   = {Swadley, John},
  Institution              = {Canterbury Christ Church University},
  Type                     = {PhD diss.},
  Year                     = {2014},

  Keywords                 = {17C,18C,New-Spain,Mexico,colonial-music,devotional-music,villancico-studies},
  Owner                    = {andrew},
  Shorttitle               = {The Villancico in New Spain},
  Timestamp                = {2017.12.11}
}

@Book{Tacitus:Annales-English,
  Title                    = {The Annals},
  Author                   = {Tacitus, Cornelius},
  Year                     = {1895},
  Location                 = {London},
  Publisher                = {Macmillan},
  Translator               = {Church, A. J. and Brodribb, W. J.},

  Keywords                 = {Latin-classics,Roman-history, primary},
  Owner                    = {andrew},
  Timestamp                = {2018.04.12}
}

@Incollection{Taft:LiturgicalYear,
  Title                    = {The Liturgical Year: Studies, Prospects, Reflections},
  Author                   = {Taft, Robert F.},
  Pages                    = {3--24},

  Crossref                 = {Johnson:MemoryHope},
  Keywords                 = {2}
}

@Book{Talley:LiturgicalYear,
  Title                    = {The Origins of the Liturgical Year},
  Author                   = {Talley, Thomas J.},
  Year                     = {1991},
  Edition                  = {2},
  Location                 = {Collegeville, MN},
  Publisher                = {Pueblo/The Liturgical Press},

  Keywords                 = {2}
}

@Book{Taruskin:OxfordHistory,
  Title                    = {The Oxford History of Western Music},
  Author                   = {Taruskin, Richard},
  Year                     = {2005},
  Location                 = {Oxford},
  Publisher                = {Oxford University Press},

  Keywords                 = {musicology,historiography,canon,textbooks,music-history},
  Owner                    = {andrew},
  Timestamp                = {2016.01.21}
}

@Book{Tello:SanchezGarzaCatalogo,
    editor={Tello, Aurelio and Hurtado, Nelson and Morales Abril, Omar and Pérez
        Ruiz, Bárbara},
    title={Colección Sánchez Garza: Estudio documental y catálogo de un acervo
        musical novohispano},
    shorttitle={Colección Sánchez Garza},
    location={Mexico City},
    publisher={Mexico, Secretaría de Cultura},
    year=2018,
    keywords={catalog,Mexico,villancicos},
    langid={spanish}
}

@Book{Tello:VillancicosRitualSonoro,
  Title                    = {Humor, pericia y devoción: Villancicos en la Nueva España},
  Year                     = {2013},
  Editor                   = {Tello, Aurelio},
  Location                 = {Mexico City},
  Publisher                = {Centro de Investigaciones y Estudios Superiores en Antropología Social \mkbibparens{CIESAS}},
  Series                   = {Ritual Sonoro Catedralicio},

  Langid                   = {spanish},
  Owner                    = {andrew},
  Timestamp                = {2016.11.17}
}

@Article{Temperley:AfricanMeter,
  Title                    = {Meter and Grouping in African Music: A View from Music Theory},
  Author                   = {Temperley, David},
  Journaltitle             = {Ethnomusicology},
  Year                     = {2000},
  Number                   = {1},
  Pages                    = {65--96},
  Volume                   = {44},

  Keywords                 = {Africa,rhythm,meter,music-theory},
  Owner                    = {andrew},
  Shorttitle               = {Meter and Grouping in African Music},
  Timestamp                = {2016.05.24}
}

@Article{Temperley:OldWay,
  Title                    = {The Old Way of Singing: Its Origins and Development},
  Author                   = {Temperley, Nicholas},
  Journaltitle             = {Journal of the American Musicological Society},
  Year                     = {1981},
  Number                   = {3},
  Pages                    = {511--544},
  Volume                   = {34},

  Keywords                 = {sacred-music,devotional-music,Protestant,England,New-England,psalms,psalmody,hymnody},
  Owner                    = {andrew},
  Timestamp                = {2016.10.31}
}

@Book{Tenorio:Gongorismo,
  Title                    = {El Gongorismo en Nueva España: Ensayo de restitución},
  Author                   = {Tenorio, Martha Lilia},
  Year                     = {2013},
  Location                 = {Mexico City},
  Publisher                = {El Colegio de México},

  Keywords                 = {2},
  Langid                   = {spanish}
}

@Book{Tenorio:PoesiaNovohispana,
  Title                    = {Poesía novohispana: Antología},
  Year                     = {2010},
  Editor                   = {Tenorio, Martha Lilia},
  Location                 = {Mexico City},
  Publisher                = {Colegio de México: Fundación para las Letras Mexicanas},

  Keywords                 = {2, primary},
  Langid                   = {spanish},
  Shorttitle               = {Poesía novohispana}
}

@Book{Tenorio:SorJuana,
  Title                    = {Los villancicos de Sor Juana},
  Author                   = {Tenorio, Martha Lilia},
  Year                     = {1999},
  Location                 = {Mexico City},
  Publisher                = {El Colegio de México},

  Keywords                 = {2,villancico-studies},
  Langid                   = {spanish}
}

@Book{Thompson:ReadingwDead,
  Title                    = {Reading the Bible with the Dead: What You Can Learn from the History of Exegesis that You Can't Learn from Exegesis Alone},
  Author                   = {Thompson, John L.},
  Year                     = {2007},
  Location                 = {Grand Rapids, MI},
  Publisher                = {Eerdmans},

  Keywords                 = {2}
}

@Book{Thompson:Ricci,
  Title                    = {Music from the Time of Matteo Ricci},
  Author                   = {Thompson, John},
  Url                      = {http://www.silkqin.com/01mywk/themes/matteo.htm},

  Owner                    = {andrew},
  Timestamp                = {2016.05.20}
}

@Book{Titon:Powerhouse,
  Title                    = {Powerhouse for God: Speech, Chant, and Song in an Appalachian Baptist Church},
  Author                   = {Titon, Jeff Todd},
  Year                     = {1988},
  Location                 = {Austin},
  Publisher                = {University of Texas Press},

  Keywords                 = {2}
}

@Book{Tomlinson:Magic,
  Title                    = {Music in Renaissance Magic: Toward a Historiography of Others},
  Author                   = {Tomlinson, Gary},
  Year                     = {1993},
  Location                 = {Chicago},
  Publisher                = {University of Chicago Press},

  Keywords                 = {2}
}

@Book{Tomlinson:SingingNewWorld,
  Title                    = {The Singing of the New World: Indigenous Voice in the Era of European Contact},
  Author                   = {Tomlinson, Gary},
  Year                     = {2007},
  Location                 = {Cambridge},
  Publisher                = {Cambridge University Press},

  Keywords                 = {Mexico,Nahuatl,Mexica,native-song,cultural-exchange,native-american},
  Owner                    = {andrew},
  Shorttitle               = {The Singing of the New World},
  Timestamp                = {2016.05.20}
}

@Book{Torrejon:VCs,
  Title                    = {Villancicos de Tomás de Torrejón y Velasco},
  Author                   = {Torrejón y Velasco, Tomás de},
  Year                     = {2005},
  Editor                   = {Morales Abril, Omar},
  Location                 = {Guatemala City},
  Publisher                = {Universidad de San Carlos de Guatemala, Centro de Estudios Folklóricos},
  Series                   = {El repertorio de la Catedral de Guatemala},

  Keywords                 = {primary, 1-VCmusic,shortlist,villancico-editions},
  Langid                   = {spanish}
}

@InCollection{Torrente:Estribillo,
    author={Torrente, Álvaro},
    title={Cuando un \mkbibquote{estribillo} no es un estribillo: Sobre la forma
        del villancico en el siglo XVII},
    shorttitle={Cuando un \mkbibquote{estribillo} no es un estribillo},
    crossref={Borrego-Marin:Villancico},
    pages={122--136},
    keywords={villancico,form}
}

@Book{Torrente:Historia17C,
  Title                    = {La música en el siglo XVII},
  Author                   = {Torrente, Álvaro},
  Year                     = {2016},
  Location                 = {Madrid},
  Number                   = {3},
  Publisher                = {Fondo de Cultura Económica de España},
  Series                   = {Historia de la música en España e Hispanoamérica},

  Keywords                 = {Spain,New-Spain,colonial-music,17C,textbook,villancico-studies},
  Langid                   = {spanish},
  Owner                    = {andrew},
  Timestamp                = {2017.12.11}
}

@Incollection{Torrente:Jacara,
  Title                    = {¿Cómo se cantaba al \mkbibquote{tono de jácara}?},
  Author                   = {Torrente, Álvaro},
  Booktitle                = {Literatura y música del hampa en los Siglos de Oro},
  Year                     = {2014},
  Location                 = {Madrid},
  Publisher                = {Visor Libros},
  pages={157--178},

  Editors                  = {Lobato, María Luisa and Bègue, Alain},
  Keywords                 = {2},
  Langid                   = {spanish}
}

@Incollection{Torrente:MiciezesSr,
  Title                    = {Grove Music Online},
  Author                   = {Torrente, Álvaro},

  Keywords                 = {2},
  Lista                    = {Miciezes, Tomás},
  Options                  = {skipbib}
}

@Thesis{Torrente:PhD,
  Title                    = {The Sacred Villancico in Early Eighteenth-Century Spain: The Repertory of Salamanca Cathedral},
  Author                   = {Torrente, Álvaro},
  Institution              = {University of Cambridge},
  Type                     = {PhD diss.},
  Year                     = {1997},

  Keywords                 = {2,shortlist,villancico-studies},
  Shorttitle               = {The Sacred Villancico in Early Eighteenth-Century Spain}
}

@InCollection{Torrente:VC-chapter,
    author={Torrente, Álvaro},
    title={El villancico religioso},
    crossref={Torrente:Historia17C},
    pages={435--530},
    keywords={villancico,spanish-music}
}

@Article{Torrente:Zarabanda,
  Title                    = {The Demoniac Tune of the Zarabanda: Erotic Dance-Songs in Early Modern Spain},
  Author                   = {Torrente, Álvaro},
  Note                     = {Paper presented at the annual meeting of the American Musicological Society, Louisville, KY, Nov. 2015},

  Owner                    = {andrew},
  Shorttitle               = {The Demoniac Tune of the Zarabanda},
  Timestamp                = {2016.03.01}
}

@Book{Torres:SuenosMorales,
  Title                    = {Sueños morales, visiones y visitas de Torres con D. Francisco de Quevedo por Madrid},
  Author                   = {Torres Villarroel, Diego de},
  Year                     = {1786},
  Location                 = {Madrid},

  Keywords                 = {poetry,Spanish},
  Langid                   = {spanish},
  Owner                    = {andrew},
  Shorttitle               = {Sueños morales},
  Timestamp                = {2018.06.01}
}

@Incollection{Treitler:Historiography,
  Title                    = {The Historiography of Music: Issues of Past and Present},
  Author                   = {Treitler, Leo},

  Crossref                 = {Cook:RethinkingMusic},
  Keywords                 = {2}
}

@Article{Turino:Signs,
  Title                    = {Signs of Imagination, Identity, and Experience: A Peircian Semiotic Theory for Music},
  Author                   = {Turino, Thomas},
  Journaltitle             = {Ethnomusicology},
  Year                     = {1999},
  Number                   = {2},
  Pages                    = {221--255},
  Volume                   = {43},

  Keywords                 = {2}
}

@Book{Turino:SocialLife,
    author= {Turino, Thomas},
    title = {Music as Social Life: The Politics of Participation},
    shorttitle = {Music as Social Life},
    location = {Chicago},
    publisher = {University of Chicago Press},
    year = 2008,
    keywords = {sonic-social, ethnomusicology}
}

@Book{Turrent:AutoridadCatedralMexico,
  Title                    = {Autoridad, solemnidad y actores musicales en la Catedral de México \mkbibparens{1692--1860}},
  Year                     = {2013},
  Editor                   = {Turrent, Lourdes},
  Location                 = {Mexico City},
  Publisher                = {Centro de Investigaciones y Estudios Superiores en Antropología Social \mkbibparens{CIESAS}},
  Series                   = {Ritual Sonoro Catedralicio},

  Langid                   = {spanish},
  Owner                    = {andrew},
  Timestamp                = {2016.11.17}
}

@Article{Tuzi:Voladores,
    author={Tuzi, Gracia},
    title={The Voladores Dance: Traces of the Past for the Interpretation 
        of the Present},
    journaltitle={Flower World: Music Archeology of the Americas},
    volume=2,
    year=2013,
    pages={159--176},
    keywords={Mexico,dance,Native-Americans,voladores,popular ritual,Aztecs,
        Nahua}
}

@Book{UK:VCs,
  Title                    = {Pliegos de villancicos en la British Library \mkbibparens{Londres} y la University Library \mkbibparens{Cambridge}},
  Author                   = {Torrente, Álvaro and Ángel Marín, Miguel},
  Year                     = {2000},
  Location                 = {Kassel},
  Publisher                = {Edition Reichenberger},

  Keywords                 = {primary, catalog, shortlist,villancico-imprint-catalog},
  Langid                   = {spanish}
}

@Thesis{UribeBracho:OrfeoPhD,
  Title                    = {Huérfanos de Orfeo: Poesía y música en la cultura de los Siglos de Oro},
  Author                   = {Uribe Bracho, Lorena},
  Institution              = {City University of New York},
  Type                     = {PhD diss.},
  Year                     = {2018},

  Keywords                 = {Spanish-literature, poetry, music, 16C, 17C},
  Langid                   = {spanish},
  Owner                    = {andrew},
  Shorttitle               = {Huérfanos de Orfeo},
  Timestamp                = {2018.04.16}
}

@Book{US:VCs,
  Title                    = {Pliegos de villancicos en la Hispanic Society of America y la New York Public Library},
  Author                   = {Torrente, Álvaro and Hathaway, Janet},
  Year                     = {2007},
  Location                 = {Kassel},
  Publisher                = {Edition Reichenberger},

  Keywords                 = {primary, catalog,shortlist,villancico-imprint-catalog},
  Langid                   = {spanish}
}

@Book{Valbuena:Literatura,
  Title                    = {Historia de la literatura española},
  Author                   = {Valbuena Prat, Ángel},
  Year                     = {1946},
  Edition                  = {2},
  Location                 = {Barcelona},
  Publisher                = {Editorial Gustavo Gili},
  Volumes                  = {2},

  Keywords                 = {2},
  Langid                   = {spanish}
}

@Book{Veracruce:Phisica,
  Title                    = {Phisica, Specvlatio},
  Author                   = {Veracruce, Alphonsus à},
  Year                     = {1557},
  Location                 = {Mexico City},

  Keywords                 = {primary},
  Langid                   = {latin}
}

@Article{Vicente:MusicaPropaganda,
  Title                    = {Música, propaganda y reforma religiosa en los siglos XVI y XVII: cánticos para la \mkbibquote{gente del vulgo} \mkbibparens{1520--1620}},
  Author                   = {Vicente, Alfonso de},
  Journaltitle             = {Studia Aurea},
  Year                     = {2007},
  Url                      = {http://www.studiaaurea.com/articulo.php?id=47},
  Volume                   = {1},

  Keywords                 = {2},
  Langid                   = {spanish}
}

@Incollection{Wade:IndianMusicGlobalEncounters,
  Title                    = {Indian Music History in the Context of Global Encounters},
  Author                   = {Wade, Bonnie C.},
  Pages                    = {125--154},

  Crossref                 = {CHWorldMusic},
  Keywords                 = {india,south-asia},
  Owner                    = {andrew},
  Timestamp                = {2016.05.18}
}

@Incollection{Wagstaff:Processions,
  Title                    = {Processions for the Dead, the Senses, and Ritual Identity in Colonial Mexico},
  Author                   = {Wagstaff, Grayson},
  Booktitle                = {Music, Sensation, and Sensuality},
  Editor                   = {Austern, Linda Phyllis},
  Year                     = {2002},
  Location                 = {New York},
  Number                   = {5},
  Pages                    = {167--180},
  Publisher                = {Routledge},
  Series                   = {Critical and Cultural Musicology},

  Keywords                 = {2}
}

@Incollection{Waisman:JesuitReducciones,
  Title                    = {Urban Music in the Wilderness: Ideology and Power in the Jesuit \mkbibemph{reducciones}, 1609--1767},
  Author                   = {Waisman, Leonardo J.},
  Pages                    = {208--229},

  Crossref                 = {BakerKnighton:MusicUrbanSociety},
  Keywords                 = {Jesuits,native-americans,Paraguay,missions,colonial,power},
  Owner                    = {andrew},
  Shorttitle               = {Urban Music in the Wilderness},
  Timestamp                = {2016.05.23}
}

@Book{Wardropper:TeatroReligioso,
    author={Wardropper, Bruce W.},
    title={Introducción al teatro religioso del Siglo de Oro; Evolución del auto
        sacramental antes de Calderón},
    location={Salamanca},
    publisher={Anaya},
    year=1967,
    keywords={spanish-literature,17C,Calderón,religious-drama}
}

@Article{Waterhouse:EarliestJapaneseContacts,
  Title                    = {The Earliest Japanese Contacts with Western Music},
  Author                   = {Waterhouse, David},
  Journaltitle             = {Review of Culture},
  Year                     = {1996},
  Pages                    = {36--47},
  Volume                   = {26},

  Keywords                 = {Japan,Jesuits,Portuguese,cultural-exchange,east-west,early-modern},
  Owner                    = {andrew},
  Timestamp                = {2016.05.20}
}

@Incollection{Weber:ReligiousLitSpain,
  Title                    = {Religious Literature in Early Modern Spain},
  Author                   = {Weber, Alison P.},
  Pages                    = {149--158},

  Crossref                 = {Cambridge:SpanishLit},
  Keywords                 = {2}
}

@Book{Weber:Vulgate,
  Title                    = {Biblia Sacra iuxta vulgatam versionem},
  Year                     = {1994},
  Edition                  = {4},
  Editor                   = {Weber, Robert and Gryson, Roger},
  Location                 = {Stuttgart},
  Publisher                = {Deutsche Biblegesellschaft},

  Keywords                 = {primary},
  Langid                   = {latin}
}

@Book{Weckmann:MedievalHeritageMexico,
  Title                    = {The Medieval Heritage of Mexico},
  Author                   = {Weckmann, Luis},
  Year                     = {1992},
  Location                 = {New York},
  Publisher                = {Fordham University Press},
  Translator               = {López-Morillas, Frances M.},

  Keywords                 = {Mexico,medieval,cultural-history,cultural-exchange,early-modern},
  Owner                    = {andrew},
  Timestamp                = {2016.05.20}
}

@Book{Weiss-Taruskin,
  Title                    = {Music in the Western World: A History in Documents},
  Year                     = {1984},
  Editor                   = {Weiss, Piero and Taruskin, Richard},
  Location                 = {New York},
  Publisher                = {Schirmer},

  Keywords                 = {primary,source-texts},
  Shorttitle               = {Music in the Western World}
}

@Book{Wells:WestSideStory,
  Title                    = {West Side Story: Cultural Perspectives on an American Musical},
  Author                   = {Wells, Elizabeth A.},
  Year                     = {2011},
  Location                 = {Lanham, MD},
  Publisher                = {Scarecrow Press},

  Keywords                 = {american-music,20C,musical-theater,Bernstein,exoticism,latin-american-music},
  Owner                    = {andrew},
  Shorttitle               = {West Side Story},
  Timestamp                = {2018.02.16}
}

@Book{Wilson:EarthShallWeep,
  Title                    = {The Earth Shall Weep: A History of Native America},
  Author                   = {Wilson, James},
  Year                     = {1999},
  Location                 = {New York},
  Publisher                = {Atlantic Monthly Press},

  Owner                    = {andrew},
  Shorttitle               = {The Earth Shall Weep},
  Timestamp                = {2016.02.29}
}

@Book{Wood:TranscendingConquest,
  Title                    = {Transcending Conquest: Nahua Views of Spanish Colonial Mexico},
  Author                   = {Wood, Stephanie Gail},
  Year                     = {2003},
  Location                 = {Norman, OK},
  Publisher                = {University of Oklahoma Press},

  Keywords                 = {Mexico,Nahua,Mexica,native-americans,cultural-exchange,colonial,early-modern},
  Owner                    = {andrew},
  Shorttitle               = {Transcending Conquest},
  Timestamp                = {2016.05.23}
}

@Book{Woodfield:EnglishMusiciansExploration,
  Title                    = {English Musicians in the Age of Exploration},
  Author                   = {Woodfield, Ian},
  Year                     = {1995},
  Location                 = {Stuyvesant, NY},
  Publisher                = {Pendragon Press},

  Keywords                 = {England,UK,early-modern,exploration,ships,sailors},
  Owner                    = {andrew},
  Timestamp                = {2016.05.18}
}

@Book{Wright:Maze,
  Title                    = {The Maze and the Warrior: Symbols in Architecture, Theology, and Music},
  Author                   = {Wright, Craig},
  Year                     = {2001},
  Location                 = {Cambridge, MA},
  Publisher                = {Harvard University Press},

  Keywords                 = {2}
}

@Book{Yearsley:BachCounterpoint,
  Title                    = {Bach and the Meanings of Counterpoint},
  Author                   = {Yearsley, David},
  Year                     = {2002},
  Location                 = {Cambridge},
  Publisher                = {Cambridge University Press},

  Keywords                 = {2, Bach, 18C, counterpoint, symbolism, allegory, theology},
  Owner                    = {andrew},
  Timestamp                = {2016.08.26}
}

@Article{Yearsley:Buxtehude,
  Title                    = {Towards an Allegorical Interpretation of Buxtehude's Funerary Counterpoints},
  Author                   = {Yearsley, David},
  Journaltitle             = {Music \& Letters},
  Year                     = {1999},
  Number                   = {2},
  Pages                    = {183--206},
  Volume                   = {80},

  Keywords                 = {2}
}

@Book{Zaragoza1724Relacion,
  Title                    = {Relacion historica, y panegyrica de las fiestas, qve la civdad de Zaragoza dispvso, con motivo del decreto, en qve la Santidad de Inocencio XIII. concediò para todo este Arzobispadio, el OFICIO proprio de la APARICION de Nuestra Señora del PILAR, en el de la Dedicacion de los dos Santos Templos del Salvador, y del Pilar \Dots},
  Year                     = {1990},
  Location                 = {Zaragoza},
  Note                     = {facsimile edition},
  Publisher                = {Ayuntamiento de Zaragoza},

  Keywords                 = {primary},
  Langid                   = {spanish},
  Origdate                 = {1724}
}

@Book{Zbikowski:Conceptualizing,
  Title                    = {Conceptualizing Music: Cognitive Structure, Theory, and Analysis},
  Author                   = {Zbikowski, Lawrence M.},
  Year                     = {2002},
  Location                 = {New York},
  Publisher                = {Oxford University Press},

  Keywords                 = {2}
}

@Inbook{Zbikowski:DanceTopoi,
  Title                    = {Dance Topoi, Sonic Analogues and Musical Grammar: Communicating with Music in the Eighteenth Century},
  Author                   = {Zbikowski, Lawrence M.},
  Booktitle                = {Communication in Eighteenth-Century Music},
  Year                     = {2008},
  Location                 = {New York},
  Pages                    = {283--309},
  Publisher                = {Cambridge University Press},

  Keywords                 = {dance,music-analysis,rhythm,meter,18C,communication,2},
  Owner                    = {andrew},
  Shorttitle               = {Dance Topoi},
  Timestamp                = {2016.01.28}
}

@Book{Zupanov:MissionaryTropics,
  Title                    = {Missionary Tropics: The Catholic Frontier in India},
  Author                   = {Županov, Ines G.},
  Year                     = {2005},
  Location                 = {Ann Arbor, MI},
  Publisher                = {University of Michigan Press},

  Keywords                 = {missions,Jesuits,India,early-modern-catholicism,cultural-exchange},
  Owner                    = {andrew},
  Shorttitle               = {Missionary Tropics},
  Timestamp                = {2016.05.18}
}

